
:20:STARTUMSE
:25:68050101/0012045802
:28C:00000/001
:60F:C150105EUR40346,00
:61:1501070107CR350,00N062NONREF
:86:166?00GUTSCHRIFT?109201?20SVWZ+Miete?30HEISDE66XXX?31DE366205
00000010173422?32CHRISTINE KÜRTI
:61:1501070107CR400,00N062NONREF
:86:166?00GUTSCHRIFT?109251?20SVWZ+Miete?30DRESDEFF680?31DE976808
00300400803000?32YULIA NEMETS
:61:1501070107CR67,58N062NONREF
:86:166?00GUTSCHRIFT?109263?20EREF+06993000104?21SVWZ+NACHZAHLUNG
 NEBENKOSTE?22N, EVA DUEREN 07-12/2013?30GENODED1VSN?31DE91314602
902111445012?32DÜREN, EVA
:62F:C150107EUR41163,58
-
:20:STARTUMSE
:25:68050101/0012045802
:28C:00000/001
:60F:C150107EUR41163,58
:61:1501080108CR9,31N062NONREF
:86:166?00GUTSCHRIFT?109251?20SVWZ+Nebenkostennachzahlung?30DRESD
EFF680?31DE97680800300400803000?32YULIA NEMETS
:62F:C150108EUR41172,89
-
:20:STARTUMSE
:25:68050101/0012045802
:28C:00000/001
:60F:C150108EUR41172,89
:61:1501090109CR210,00N062NONREF
:86:166?00GUTSCHRIFT?109253?20EREF+ZVS1501080223666?21SVWZ+Garage
 Hr Wolak?30GENODE61BBB?31DE33660908000004518195?32Martin Wolak
:62F:C150109EUR41382,89
-
:20:STARTUMSE
:25:68050101/0012045802
:28C:00000/001
:60F:C150109EUR41382,89
:61:1501130113CR84,74N062NONREF
:86:166?00GUTSCHRIFT?109263?20EREF+11993000091?21SVWZ+NEBENKOSTEN
NACHZAHLUNG?22 2013?30GENODED1VSN?31DE17314602902111444016?32DÜRE
N, ELISABETH
:62F:C150113EUR41467,63
-
:20:STARTUMSE
:25:68050101/0012045802
:28C:00000/001
:60F:C150113EUR41467,63
:61:1501150115DR163,00N012NONREF
:86:116?00DAUERAUFTRAG?107000?20SVWZ+Vorgartenpflege Lerche?21nst
r.?30FRSPDE66XXX?31DE50680501010012809062?32Rabe, Ladislav?34997
:62F:C150115EUR41304,63
-
:20:STARTUMSE
:25:68050101/0012045802
:28C:00000/001
:60F:C150115EUR41304,63
:61:1501160116CR30,00N062NONREF
:86:166?00GUTSCHRIFT?109253?20EREF+ZVS1501150218320?21SVWZ+Garage
 Hr Wolak?30GENODE61BBB?31DE33660908000004518195?32Wolak Martin
:61:1501160116CR84,47N062NONREF
:86:166?00GUTSCHRIFT?109253?20EREF+ZVS1501150218611?21SVWZ+Nebenk
osten Nachzahlun?22g?30GENODE61GUN?31DE02680642220000309508?32Dom
inik Braendle
:62F:C150116EUR41419,10
-
:20:STARTUMSE
:25:68050101/0012045802
:28C:00000/001
:60F:C150116EUR41419,10
:61:1501210121CR360,77N062NONREF
:86:166?00GUTSCHRIFT?109263?20EREF+84106020011?21SVWZ+NEBENKOSTEN
 2013 LERCH?22MENSTR.?30DAAEDEDDXXX?31DE33300606010001798235?32JO
ACHIM BAUER
:61:1501210121DR877,22N033NONREF
:86:177?00ONLINE-UEBERWEISUNG?109310?20SVWZ+20150003 kunde 11125 
a?21uftrag 20/10595?22DATUM 21.01.2015, 14.45 UHR?231.TAN 294089?
24ABWA+PROF.DR.MATTHIAS HOLSC?25HNEIDER?30FRSPDE66XXX?31DE5568050
1010012196902?32keller?34997
:62F:C150121EUR40902,65
-
:20:STARTUMSE
:25:68050101/0012045802
:28C:00000/001
:60F:C150121EUR40902,65
:61:1501300130DR298,00NDDTNONREF
:86:105?00FOLGELASTSCHRIFT?109300?20EREF+LS1020000073516?21MREF+W
20D418613013366?22CRED+DE6502000000211132?23SVWZ+ABSCHLAG 01/2015
 KD 41?248613 Lerchenstr. 3 Gas EUR?25298,00?30FRSPDE66XXX?31DE94
680501010021000405?32Stadtwerke Waldkirch GmbH?34992
:61:1501300130DR22,00NDDTNONREF
:86:105?00FOLGELASTSCHRIFT?109300?20EREF+006071893335?21MREF+7001
007509088001?22CRED+DE37ZZZ00000023650?23SVWZ+BELEG006071893335/V
K00?241007509088/ABSCHLAG FAELLIG?25 30012015 FUER JANUAR /LERC?2
6HENSTRASSE3/PROF. DR. MATHI?27AS HOLSCHNEIDER?30FRSPDE66XXX?31DE
89680501010002010029?32badenova AG  CO. KG?34992
:61:1501300130DR137,00NDDTNONREF
:86:105?00FOLGELASTSCHRIFT?109300?20EREF+006072028569?21MREF+7001
129416769001?22CRED+DE63ZZZ00000023667?23SVWZ+BELEG006072028569/V
K00?241129416769/LERCHENSTRASSE3/?25PROF. DR. MATHIAS HOLSCHNEI?2
6DER?27ABWA+bnNETZE Wasser (Hilfsb?28k.)?30FRSPDE66XXX?31DE236805
01010013337519?32bnNETZE GmbH?34992
:62F:C150130EUR40445,65
-
:20:STARTUMSE
:25:68050101/0012045802
:28C:00000/001
:60F:C150130EUR40445,65
:61:1501300202DR5,00N024NONREF
:86:809?00ENTGELTABSCHLUSS?106666?20Entgeltabrechnung?21siehe Anl
age?3068050101
:61:1502020202CR380,00N061NONREF
:86:166?00GUTSCHRIFT?109310?20SVWZ+rent?30FRSPDE66XXX?31DE1468050
1010013449328?32DEREK MICHIO AOKI
:61:1502020202DR200,00NDDTNONREF
:86:105?00FOLGELASTSCHRIFT?109250?20EREF+01-02-15 KG8 66 766 37?2
133?22MREF+200000435392?23CRED+DE92ZZZ00000032166?24SVWZ+8/66 766
 3733 200,00 E?25UR?30SOLADEST600?31DE53600501010001366705?32WUES
TENROT BAUSPARKASSE AG?34992
:61:1502020202DR265,54NDDTNONREF
:86:105?00FOLGELASTSCHRIFT?109250?20EREF+9030898607?21MREF+000100
0000001214?22CRED+DE31ZZZ00000236867?23SVWZ+RG 0078194332 17.1.20
1?245 Glaeubiger-ID. DE31ZZZ000?2500236867Ihre Mandatsreferen?26z
 bei uns. 0001000000001214?30COBADEFFXXX?31DE16500400000582454500
?32TECHEM Energy Services?34992
:61:1502020202DR109,99NDDTNONREF
:86:105?00FOLGELASTSCHRIFT?109250?20EREF+9030898608?21MREF+000100
0000001214?22CRED+DE31ZZZ00000236867?23SVWZ+RG 0078194333 17.1.20
1?245 Glaeubiger-ID. DE31ZZZ000?2500236867Ihre Mandatsreferen?26z
 bei uns. 0001000000001214?30COBADEFFXXX?31DE16500400000582454500
?32TECHEM Energy Services?34992
:61:1502020202DR160,14NDDTNONREF
:86:105?00FOLGELASTSCHRIFT?109250?20EREF+LV1290569102?21MREF+0311
0164826?22CRED+DE60ZZZ00000023236?23SVWZ+LV 1290569102 BEITRAG?24
02/15?30DEUTDEFFXXX?31DE44500700100961353001?32Zurich Deutscher H
erold Leb?33ensversicherung Aktiengesel?34992
:61:1502020202DR494,00NDDTNONREF
:86:105?00FOLGELASTSCHRIFT?109262?20EREF+01/15 2080452635 494,0?2
10?22MREF+ 220000077620?23CRED+DE90ZZZ00000000192?24SVWZ+WUSTENRO
T BANK AG?30WBAGDE61XXX?31DE92604200002080452635?32PROF.DR. MATTH
IAS HOLSCHNEI?34992
:61:1502020202CR420,00N060NONREF
:86:152?00DAUERAUFTRAG?109201?20SVWZ+Miete Lerchenstrasse?30SOLAD
ES1KNZ?31DE88690500010024799991?32Josefine Adelhelm
:61:1502020202CR1090,00N060NONREF
:86:152?00DAUERAUFTRAG?109245?20SVWZ+MIETE LERCHENSTRASSE 3?30BYL
ADEM1001?31DE34120300001009351063?32Nadja Mingirulli
:61:1502020202CR547,28N061NONREF
:86:166?00GUTSCHRIFT?109301?20SVWZ+GUTHABEN SCHLUSSRECHNG?21 KD 4
18613 Prof. Dr. Matthi?22as Holschne Lerchenstr. 3 7?239104 Freib
urg?30FRSPDE66XXX?31DE94680501010021000405?32Stadtwerke Waldkirch
 GmbH
:62F:C150202EUR41648,26
-
:20:STARTUMSE
:25:68050101/0012045802
:28C:00000/001
:60F:C150202EUR41648,26
:61:1502030203DR151,44NDDTNONREF
:86:105?00FOLGELASTSCHRIFT?109250?20EREF+9030906109?21MREF+000100
0000001214?22CRED+DE31ZZZ00000236867?23SVWZ+RG 0078221991 20.1.20
1?245 Glaeubiger-ID. DE31ZZZ000?2500236867Ihre Mandatsreferen?26z
 bei uns. 0001000000001214?30COBADEFFXXX?31DE16500400000582454500
?32TECHEM Energy Services?34992
:61:1502030203CR370,00N062NONREF
:86:166?00GUTSCHRIFT?109253?20SVWZ+MIETE + NEBENKOSTEN LE?21RCHEN
STRASSE 3?30GENODE61GUN?31DE02680642220000309508?32Braendle Domin
ik
:61:1502030203CR410,00N060NONREF
:86:152?00DAUERAUFTRAG?109251?20EREF+000000009802?21SVWZ+MIETE?30
DEUTDEDBFRE?31DE21680700240268962800?32SCHMIDT, DIRK
:61:1502030203CR400,00N062NONREF
:86:166?00GUTSCHRIFT?109251?20SVWZ+Miete?30DRESDEFF680?31DE976808
00300400803000?32YULIA NEMETS
:62F:C150203EUR42676,82
-
:20:STARTUMSE
:25:68050101/0012045802
:28C:00000/001
:60F:C150203EUR42676,82
:61:1502050205CR1110,00N062NONREF
:86:166?00GUTSCHRIFT?109253?20SVWZ+MIETE MALLMANN/KOLB LE?21RCHEN
STR.3?30GENODE61BBB?31DE77660908000013724352?32Mallmann Susanne
:62F:C150205EUR43786,82
-
:20:STARTUMSE
:25:68050101/0012045802
:28C:00000/001
:60F:C150205EUR43786,82
:61:1502100210CR350,00N062NONREF
:86:166?00GUTSCHRIFT?109201?20SVWZ+Miete?30HEISDE66XXX?31DE366205
00000010173422?32CHRISTINE KÜRTI
:62F:C150210EUR44136,82
-
:20:STARTUMSE
:25:68050101/0012045802
:28C:00000/001
:60F:C150210EUR44136,82
:61:1502160216DR219,57NDDTNONREF
:86:105?00FOLGELASTSCHRIFT?109300?20EREF+140900031753?21MREF+5010
02762799001?22CRED+DE69ZZZ00000055472?23SVWZ+501002762799/Grundst
eu?24er Rate 2015?25ABWA+Stadt Freiburg Stadtka?26sse?30FRSPDE66X
XX?31DE63680501010002010012?32Stadt Freiburg?34992
:62F:C150216EUR43917,25
-
:20:STARTUMSE
:25:68050101/0012045802
:28C:00000/001
:60F:C150216EUR43917,25
:61:1502170217CR30,00N062NONREF
:86:166?00GUTSCHRIFT?109253?20SVWZ+Garage Hr Wolak?30GENODE61BBB?
31DE33660908000004518195?32Wolak Martin
:62F:C150217EUR43947,25
-
:20:STARTUMSE
:25:68050101/0012045802
:28C:00000/001
:60F:C150217EUR43947,25
:61:1502230223DR788,02N033NONREF
:86:177?00ONLINE-UEBERWEISUNG?109310?20SVWZ+NK Rueckzahelung 2010
?212011 2012 189,22+228,80+370?22,34?23DATUM 22.02.2015, 18.28 UH
R?241.TAN 254578?25ABWA+PROF.DR.MATTHIAS HOLSC?26HNEIDER?30DEUTDE
DBFRE?31DE21680700240268962800?32Dirk Schmidt?34997
:61:1502230223DR437,40N033NONREF
:86:177?00ONLINE-UEBERWEISUNG?109310?20SVWZ+Nebenkosten 2013?21DA
TUM 22.02.2015, 18.32 UHR?221.TAN 182924?23ABWA+PROF.DR.MATTHIAS 
HOLSC?24HNEIDER?30DEUTDEDBFRE?31DE21680700240268962800?32Dirk Sch
midt?34997
:61:1502230223DR129,50N033NONREF
:86:177?00ONLINE-UEBERWEISUNG?109310?20SVWZ+Nebenkosten 2013?21DA
TUM 22.02.2015, 18.34 UHR?221.TAN 502505?23ABWA+PROF.DR.MATTHIAS 
HOLSC?24HNEIDER?30GENODE61BBB?31DE77660908000013724352?32Susanne 
Mallmann?34997
:62F:C150223EUR42592,33
-
:20:STARTUMSE
:25:68050101/0012045802
:28C:00000/001
:60F:C150223EUR42592,33
:61:1502240224DR62,31N014NONREF
:86:116?00EINZELUEBERWEISUNG?109498?20KREF+503671?21SVWZ+RENR.. 2
70-2015 KDNR..?22 561  2015000002706?23ABWA+HOLSCHNEIDER MATTHIAS
?24DR.?30FRSPDE66XXX?31DE08680501010012163313?32CHRISTIAN DITTRIC
H?34997
:62F:C150224EUR42530,02
-
:20:STARTUMSE
:25:68050101/0012045802
:28C:00000/001
:60F:C150224EUR42530,02
:61:1502270302DR5,00N024NONREF
:86:809?00ENTGELTABSCHLUSS?106666?20Entgeltabrechnung?21siehe Anl
age?3068050101
:61:1503020302CR380,00N061NONREF
:86:166?00GUTSCHRIFT?109310?20SVWZ+rent?30FRSPDE66XXX?31DE1468050
1010013449328?32DEREK MICHIO AOKI
:61:1503020302DR494,00NDDTNONREF
:86:105?00FOLGELASTSCHRIFT?109262?20EREF+02/15 2080452635 494,0?2
10?22MREF+ 220000077620?23CRED+DE90ZZZ00000000192?24SVWZ+WUSTENRO
T BANK AG?30WBAGDE61XXX?31DE92604200002080452635?32PROF.DR. MATTH
IAS HOLSCHNEI?34992
:61:1503020302DR200,00NDDTNONREF
:86:105?00FOLGELASTSCHRIFT?109250?20EREF+01-03-15 KG8 66 766 37?2
133?22MREF+200000435392?23CRED+DE92ZZZ00000032166?24SVWZ+8/66 766
 3733 200,00 E?25UR?30SOLADEST600?31DE53600501010001366705?32WUES
TENROT BAUSPARKASSE AG?34992
:61:1503020302DR22,00NDDTNONREF
:86:105?00FOLGELASTSCHRIFT?109300?20EREF+006003102961?21MREF+7001
007509088001?22CRED+DE37ZZZ00000023650?23SVWZ+BELEG006003102961/V
K00?241007509088/ABSCHLAG FAELLIG?25 28022015 FUER FEBRUAR /LER?2
6CHENSTRASSE3/PROF. DR. MATH?27IAS HOLSCHNEIDER?30FRSPDE66XXX?31D
E89680501010002010029?32badenova AG  CO. KG?34992
:61:1503020302DR137,00NDDTNONREF
:86:105?00FOLGELASTSCHRIFT?109300?20EREF+006081967092?21MREF+7001
129416769001?22CRED+DE63ZZZ00000023667?23SVWZ+BELEG006081967092/V
K00?241129416769/LERCHENSTRASSE3/?25PROF. DR. MATHIAS HOLSCHNEI?2
6DER?27ABWA+bnNETZE Wasser (Hilfsb?28k.)?30FRSPDE66XXX?31DE236805
01010013337519?32bnNETZE GmbH?34992
:61:1503020302DR298,00NDDTNONREF
:86:105?00FOLGELASTSCHRIFT?109300?20EREF+LS1020000079993?21MREF+W
20D418613013366?22CRED+DE6502000000211132?23SVWZ+ABSCHLAG 02/2015
 KD 41?248613 Lerchenstr. 3 Gas EUR?25298,00?30FRSPDE66XXX?31DE94
680501010021000405?32Stadtwerke Waldkirch GmbH?34992
:61:1503020302DR160,14NDDTNONREF
:86:105?00FOLGELASTSCHRIFT?109250?20EREF+LV1290569102?21MREF+0311
0164826?22CRED+DE60ZZZ00000023236?23SVWZ+LV 1290569102 BEITRAG?24
03/15?30DEUTDEFFXXX?31DE44500700100961353001?32Zurich Deutscher H
erold Leb?33ensversicherung Aktiengesel?34992
:61:1503020302CR420,00N060NONREF
:86:152?00DAUERAUFTRAG?109201?20SVWZ+Miete Lerchenstrasse?30SOLAD
ES1KNZ?31DE88690500010024799991?32Josefine Adelhelm
:61:1503020302CR1090,00N060NONREF
:86:152?00DAUERAUFTRAG?109245?20SVWZ+MIETE LERCHENSTRASSE 3?30BYL
ADEM1001?31DE34120300001009351063?32Nadja Mingirulli
:62F:C150302EUR43103,88
-
:20:STARTUMSE
:25:68050101/0012045802
:28C:00000/001
:60F:C150302EUR43103,88
:61:1503030303DR137,56NDDTNONREF
:86:105?00FOLGELASTSCHRIFT?109250?20EREF+ABBUCHUNGSNR.1539361 0?2
110315?22MREF+02136008026?23CRED+DE38ZZZ00000023244?24SVWZ+HAFTPF
LICHT 4009773934?2524 BEITRAG 010315 137,56?30DEUTDEFFXXX?31DE385
00700100093778901?32Zurich Insurance plc Nieder?33lassung fuer De
utschland?34992
:61:1503030303CR370,00N062NONREF
:86:166?00GUTSCHRIFT?109253?20SVWZ+MIETE + NEBENKOSTEN LE?21RCHEN
STRASSE 3?30GENODE61GUN?31DE02680642220000309508?32Braendle Domin
ik
:61:1503030303CR1110,00N062NONREF
:86:166?00GUTSCHRIFT?109253?20SVWZ+MIETE MALLMANN/KOLB LE?21RCHEN
STR.3?30GENODE61BBB?31DE77660908000013724352?32Mallmann Susanne
:61:1503030303CR410,00N060NONREF
:86:152?00DAUERAUFTRAG?109251?20EREF+000000009802?21SVWZ+MIETE?30
DEUTDEDBFRE?31DE21680700240268962800?32SCHMIDT, DIRK
:61:1503030303CR400,00N062NONREF
:86:166?00GUTSCHRIFT?109251?20SVWZ+Miete?30DRESDEFF680?31DE976808
00300400803000?32YULIA NEMETS
:62F:C150303EUR45256,32
-
:20:STARTUMSE
:25:68050101/0012045802
:28C:00000/001
:60F:C150303EUR45256,32
:61:1503050305DR260,41N014NONREF
:86:116?00EINZELUEBERWEISUNG?109498?20KREF+587479?21SVWZ+21502013
?22ABWA+HOLSCHNEIDER MATTHIAS?23DR.?30FRSPDE66XXX?31DE92680501010
010106468?32HERDEL?34997
:62F:C150305EUR44995,91
-
:20:STARTUMSE
:25:68050101/0012045802
:28C:00000/001
:60F:C150305EUR44995,91
:61:1503090309DR143,40N014NONREF
:86:116?00EINZELUEBERWEISUNG?109498?20KREF+617587?21SVWZ+RG.NR. 2
1503006 KDNR 2?2250917 UST.IDNR. DE 25478429?236?24ABWA+HOLSCHNEI
DER MATTHIAS?25DR.?30FRSPDE66XXX?31DE92680501010010106468?32HARTM
UT HERDEL?34997
:61:1503090309DR50,58N014NONREF
:86:116?00EINZELUEBERWEISUNG?109498?20KREF+617616?21SVWZ+RGNR. 21
503007 KDNR. 2?2250917 UST.ID.NR. DE25478429?236?24ABWA+HOLSCHNEI
DER MATTHIAS?25DR.?30FRSPDE66XXX?31DE92680501010010106468?32HARTM
UT HERDEL?34997
:62F:C150309EUR44801,93
-
:20:STARTUMSE
:25:68050101/0012045802
:28C:00000/001
:60F:C150309EUR44801,93
:61:1503130313CR620,00N062NONREF
:86:166?00GUTSCHRIFT?109253?20SVWZ+Kaution Friederike Sel?21bach,
 Lerchenweg 3, EG, Fre?22iburg?30GENODE61WTH?31DE9467390000008631
7109?32Dr. Jochen und Susanne Selb?33ach
:61:1503130313CR350,00N062NONREF
:86:166?00GUTSCHRIFT?109253?20SVWZ+Miete Maerz 2015, Frie?21derik
e Selbach, Zimmer EG,?22Lerchenstr. 3, Freiburg?30GENODE61WTH?31D
E94673900000086317109?32Dr. Jochen und Susanne Selb?33ach
:62F:C150313EUR45771,93
-
:20:STARTUMSE
:25:68050101/0012045802
:28C:00000/001
:60F:C150313EUR45771,93
:61:1503170317CR30,00N060NONREF
:86:152?00DAUERAUFTRAG?109253?20SVWZ+Garage Hr Wolak?30GENODE61BB
B?31DE33660908000004518195?32Wolak Martin
:62F:C150317EUR45801,93
-
:20:STARTUMSE
:25:68050101/0012045802
:28C:00000/001
:60F:C150317EUR45801,93
:61:1503300330DR298,00NDDTNONREF
:86:105?00FOLGELASTSCHRIFT?109300?20EREF+LS1020000086596?21MREF+W
20D418613013366?22CRED+DE6502000000211132?23SVWZ+ABSCHLAG 03/2015
 KD 41?248613 Lerchenstr. 3 Gas EUR?25298,00?30FRSPDE66XXX?31DE94
680501010021000405?32Stadtwerke Waldkirch GmbH?34992
:62F:C150330EUR45503,93
-
:20:STARTUMSE
:25:68050101/0012045802
:28C:00000/001
:60F:C150330EUR45503,93
:61:1503310331CR350,00N062NONREF
:86:166?00GUTSCHRIFT?109253?20SVWZ+Miete Friederike Selba?21ch, Z
immer EG, Lerchenstr.?223, Freiburg?30GENODE61WTH?31DE94673900000
086317109?32Dr. Jochen und Susanne Selb?33ach
:61:1503310331CR47,47N061NONREF
:86:166?00GUTSCHRIFT?109301?20EREF+006012521904?21SVWZ+BELEG00601
2521904/VK00?221007509088/GUTHABEN BIS 070?2342015/LERCHENSTRASSE
3/PROF.?24 DR. MATHIAS HOLSCHNEIDER?30FRSPDE66XXX?31DE89680501010
002010029?32badenova AG  CO. KG
:61:1503300331DR5,00N024NONREF
:86:809?00ENTGELTABSCHLUSS?106666?20Entgeltabrechnung?21siehe Anl
age?3068050101
:61:1503300331CR0,00N066NONREF
:86:805?00ABSCHLUSS?106666?20Abrechnung 31.03.2015?21siehe Anlage
?3068050101
:62F:C150331EUR45896,40
-
:20:STARTUMSE
:25:68050101/0012045802
:28C:00000/001
:60F:C150331EUR45896,40
:61:1504010401DR200,00NDDTNONREF
:86:105?00FOLGELASTSCHRIFT?109250?20EREF+01-04-15 KG8 66 766 37?2
133?22MREF+200000435392?23CRED+DE92ZZZ00000032166?24SVWZ+8/66 766
 3733 200,00 E?25UR?30SOLADEST600?31DE53600501010001366705?32WUES
TENROT BAUSPARKASSE AG?34992
:61:1504010401DR494,00NDDTNONREF
:86:105?00FOLGELASTSCHRIFT?109262?20EREF+03/15 2080452635 494,0?2
10?22MREF+ 220000077620?23CRED+DE90ZZZ00000000192?24SVWZ+WUSTENRO
T BANK AG?30WBAGDE61XXX?31DE92604200002080452635?32PROF.DR. MATTH
IAS HOLSCHNEI?34992
:61:1504010401DR160,14NDDTNONREF
:86:105?00FOLGELASTSCHRIFT?109250?20EREF+LV1290569102?21MREF+0311
0164826?22CRED+DE60ZZZ00000023236?23SVWZ+LV 1290569102 BEITRAG?24
04/15?30DEUTDEFFXXX?31DE44500700100961353001?32Zurich Deutscher H
erold Leb?33ensversicherung Aktiengesel?34992
:61:1504010401CR420,00N060NONREF
:86:152?00DAUERAUFTRAG?109201?20SVWZ+Miete Lerchenstrasse?30SOLAD
ES1KNZ?31DE88690500010024799991?32Josefine Adelhelm
:61:1504010401CR1090,00N060NONREF
:86:152?00DAUERAUFTRAG?109245?20SVWZ+MIETE LERCHENSTRASSE 3?30BYL
ADEM1001?31DE34120300001009351063?32Nadja Mingirulli
:61:1504010401CR370,00N060NONREF
:86:152?00DAUERAUFTRAG?109253?20SVWZ+MIETE + NEBENKOSTEN LE?21RCH
ENSTRASSE 3?30GENODE61GUN?31DE02680642220000309508?32Braendle Dom
inik
:62F:C150401EUR46922,26
-
:20:STARTUMSE
:25:68050101/0012045802
:28C:00000/001
:60F:C150401EUR46922,26
:61:1504020402CR410,00N060NONREF
:86:152?00DAUERAUFTRAG?109251?20EREF+000000009802?21SVWZ+MIETE?30
DEUTDEDBFRE?31DE21680700240268962800?32SCHMIDT, DIRK
:62F:C150402EUR47332,26
-
:20:STARTUMSE
:25:68050101/0012045802
:28C:00000/001
:60F:C150402EUR47332,26
:61:1504070407CR1110,00N060NONREF
:86:152?00DAUERAUFTRAG?109253?20SVWZ+MIETE MALLMANN/KOLB LE?21RCH
ENSTR.3?30GENODE61BBB?31DE77660908000013724352?32Mallmann Susanne
:61:1504070407CR400,00N062NONREF
:86:166?00GUTSCHRIFT?109251?20SVWZ+Miete?30DRESDEFF680?31DE976808
00300400803000?32YULIA NEMETS
:62F:C150407EUR48842,26
-
:20:STARTUMSE
:25:68050101/0012045802
:28C:00000/001
:60F:C150407EUR48842,26
:61:1504130413CR380,00N061NONREF
:86:166?00GUTSCHRIFT?109310?20SVWZ+rent?30FRSPDE66XXX?31DE1468050
1010013449328?32DEREK MICHIO AOKI
:62F:C150413EUR49222,26
-
:20:STARTUMSE
:25:68050101/0012045802
:28C:00000/001
:60F:C150413EUR49222,26
:61:1504140414DR20,49NDDTNONREF
:86:105?00FOLGELASTSCHRIFT?109300?20EREF+006022195747?21MREF+7001
129416769001?22CRED+DE63ZZZ00000023667?23SVWZ+BELEG006022195747/V
K00?241129416769/FORDERUNGEN FAEL?25LIG BIS 14042015/LERCHENSTR?2
6ASSE3/PROF. DR. MATHIAS HOL?27SCHNEIDER?28ABWA+bnNETZE Wasser (H
ilfsb?29k.)?30FRSPDE66XXX?31DE23680501010013337519?32bnNETZE GmbH
?34992
:62F:C150414EUR49201,77
-
:20:STARTUMSE
:25:68050101/0012045802
:28C:00000/001
:60F:C150414EUR49201,77
:61:1504150415DR163,00N012NONREF
:86:116?00DAUERAUFTRAG?107000?20SVWZ+Vorgartenpflege Lerche?21nst
r.?30FRSPDE66XXX?31DE50680501010012809062?32Rabe, Ladislav?34997
:62F:C150415EUR49038,77
-
:20:STARTUMSE
:25:68050101/0012045802
:28C:00000/001
:60F:C150415EUR49038,77
:61:1504160416CR30,00N060NONREF
:86:152?00DAUERAUFTRAG?109253?20SVWZ+Garage Hr Wolak?30GENODE61BB
B?31DE33660908000004518195?32Wolak Martin
:62F:C150416EUR49068,77
-
:20:STARTUMSE
:25:68050101/0012045802
:28C:00000/001
:60F:C150416EUR49068,77
:61:1504200420DR1971,47N033NONREF
:86:177?00ONLINE-UEBERWEISUNG?109310?20SVWZ+IDNR 46 720 590 311 S
T?21NR 24/351/62167?22DATUM 20.04.2015, 16.31 UHR?231.TAN 073787?
24ABWA+PROF.DR.MATTHIAS HOLSC?25HNEIDER?30BELADEBEXXX?31DE9410050
0006600046463?32Finanzamt?34997
:62F:C150420EUR47097,30
-
:20:STARTUMSE
:25:68050101/0012045802
:28C:00000/001
:60F:C150420EUR47097,30
:61:1504300430DR298,00NDDTNONREF
:86:105?00FOLGELASTSCHRIFT?109300?20EREF+LS1020000093012?21MREF+W
20D418613013366?22CRED+DE6502000000211132?23SVWZ+ABSCHLAG 04/2015
 KD 41?248613 Lerchenstr. 3 Gas EUR?25298,00?30FRSPDE66XXX?31DE94
680501010021000405?32Stadtwerke Waldkirch GmbH?34992
:61:1504300430DR19,00NDDTNONREF
:86:105?00FOLGELASTSCHRIFT?109300?20EREF+006161265601?21MREF+7001
007509088001?22CRED+DE37ZZZ00000023650?23SVWZ+BELEG006161265601/V
K00?241007509088/ABSCHLAG FAELLIG?25 30042015 FUER APRIL /LERCH?2
6ENSTRASSE3/PROF. DR. MATHIA?27S HOLSCHNEIDER?30FRSPDE66XXX?31DE8
9680501010002010029?32badenova AG  CO. KG?34992
:61:1504300430DR141,00NDDTNONREF
:86:105?00FOLGELASTSCHRIFT?109300?20EREF+006161411542?21MREF+7001
129416769001?22CRED+DE63ZZZ00000023667?23SVWZ+BELEG006161411542/V
K00?241129416769/LERCHENSTRASSE3/?25PROF. DR. MATHIAS HOLSCHNEI?2
6DER?27ABWA+bnNETZE Wasser (Hilfsb?28k.)?30FRSPDE66XXX?31DE236805
01010013337519?32bnNETZE GmbH?34992
:61:1504300430CR350,00N062NONREF
:86:166?00GUTSCHRIFT?109253?20SVWZ+Miete Friederike Selba?21ch, Z
immer EG, Lerchenstr.?223, Freiburg?30GENODE61WTH?31DE94673900000
086317109?32Dr. Jochen und Susanne Selb?33ach
:62F:C150430EUR46989,30
-
:20:STARTUMSE
:25:68050101/0012045802
:28C:00000/001
:60F:C150430EUR46989,30
:61:1504300504DR5,00N024NONREF
:86:809?00ENTGELTABSCHLUSS?106666?20Entgeltabrechnung?21siehe Anl
age?3068050101
:61:1505040504CR380,00N061NONREF
:86:166?00GUTSCHRIFT?109310?20SVWZ+rent?30FRSPDE66XXX?31DE1468050
1010013449328?32DEREK MICHIO AOKI
:61:1505040504DR494,00NDDTNONREF
:86:105?00FOLGELASTSCHRIFT?109262?20EREF+04/15 2080452635 494,0?2
10?22MREF+ 220000077620?23CRED+DE90ZZZ00000000192?24SVWZ+WUSTENRO
T BANK AG?30WBAGDE61XXX?31DE92604200002080452635?32PROF.DR. MATTH
IAS HOLSCHNEI?34992
:61:1505040504DR200,00NDDTNONREF
:86:105?00FOLGELASTSCHRIFT?109250?20EREF+01-05-15 KG8 66 766 37?2
133?22MREF+200000435392?23CRED+DE92ZZZ00000032166?24SVWZ+8/66 766
 3733 200,00 E?25UR?30SOLADEST600?31DE53600501010001366705?32WUES
TENROT BAUSPARKASSE AG?34992
:61:1505040504DR160,14NDDTNONREF
:86:105?00FOLGELASTSCHRIFT?109250?20EREF+LV1290569102?21MREF+0311
0164826?22CRED+DE60ZZZ00000023236?23SVWZ+LV 1290569102 BEITRAG?24
05/15?30DEUTDEFFXXX?31DE44500700100961353001?32Zurich Deutscher H
erold Leb?33ensversicherung Aktiengesel?34992
:61:1505040504CR420,00N060NONREF
:86:152?00DAUERAUFTRAG?109201?20SVWZ+Miete Lerchenstrasse?30SOLAD
ES1KNZ?31DE88690500010024799991?32Josefine Adelhelm
:61:1505040504CR370,00N060NONREF
:86:152?00DAUERAUFTRAG?109253?20SVWZ+MIETE + NEBENKOSTEN LE?21RCH
ENSTRASSE 3?30GENODE61GUN?31DE02680642220000309508?32Braendle Dom
inik
:61:1505040504CR1090,00N060NONREF
:86:152?00DAUERAUFTRAG?109245?20SVWZ+MIETE LERCHENSTRASSE 3?30BYL
ADEM1001?31DE34120300001009351063?32Nadja Mingirulli
:62F:C150504EUR48390,16
-
:20:STARTUMSE
:25:68050101/0012045802
:28C:00000/001
:60F:C150504EUR48390,16
:61:1505050505CR1110,00N060NONREF
:86:152?00DAUERAUFTRAG?109253?20SVWZ+MIETE MALLMANN/KOLB LE?21RCH
ENSTR.3?30GENODE61BBB?31DE77660908000013724352?32Mallmann Susanne
:61:1505050505CR400,00N062NONREF
:86:166?00GUTSCHRIFT?109251?20SVWZ+Miete?30DRESDEFF680?31DE976808
00300400803000?32YULIA NEMETS
:61:1505050505CR410,00N060NONREF
:86:152?00DAUERAUFTRAG?109251?20EREF+000000009802?21SVWZ+MIETE?30
DEUTDEDBFRE?31DE21680700240268962800?32SCHMIDT, DIRK
:62F:C150505EUR50310,16
-
:20:STARTUMSE
:25:68050101/0012045802
:28C:00000/001
:60F:C150505EUR50310,16
:61:1505110511DR1739,61NDDTNONREF
:86:105?00ERSTLASTSCHRIFT?109210?20EREF+024/351/62167-----L070?21
5201500000174?22MREF+BE041277825590?23CRED+DE02HST00000026026?24S
VWZ+STEUERNR. 024/351/6216?257 BE041277825590 EINK.ST 20?2613 1.6
27,00EUR SOL.EST 2013?27 112,61EUR?28ABWA+Berliner Finanzaemter?3
0BELADEBEXXX?31DE94100500006600046463?32Finanzamt Charlottenburg 
Fi?33nanzkasse?34991
:62F:C150511EUR48570,55
-
:20:STARTUMSE
:25:68050101/0012045802
:28C:00000/001
:60F:C150511EUR48570,55
:61:1505150515DR219,57NDDTNONREF
:86:105?00FOLGELASTSCHRIFT?109300?20EREF+140600036618?21MREF+5010
02762799001?22CRED+DE69ZZZ00000055472?23SVWZ+501002762799/Grundst
eu?24er Rate 2015?25ABWA+Stadt Freiburg Stadtka?26sse?30FRSPDE66X
XX?31DE63680501010002010012?32Stadt Freiburg?34992
:62F:C150515EUR48350,98
-
:20:STARTUMSE
:25:68050101/0012045802
:28C:00000/001
:60F:C150515EUR48350,98
:61:1505180518CR30,00N060NONREF
:86:152?00DAUERAUFTRAG?109253?20SVWZ+Garage Hr Wolak?30GENODE61BB
B?31DE33660908000004518195?32Wolak Martin
:62F:C150518EUR48380,98
-
:20:STARTUMSE
:25:68050101/0012045802
:28C:00000/001
:60F:C150518EUR48380,98
:61:1505290529DR298,00NDDTNONREF
:86:105?00FOLGELASTSCHRIFT?109300?20EREF+LS1020000099600?21MREF+W
20D418613013366?22CRED+DE65ZZZ00000211132?23SVWZ+ABSCHLAG 05/2015
 KD 41?248613 Lerchenstr. 3 Gas EUR?25298,00?30FRSPDE66XXX?31DE94
680501010021000405?32STADTWERKE WALDKIRCH GMBH?34992
:62F:C150529EUR48082,98
-
:20:STARTUMSE
:25:68050101/0012045802
:28C:00000/001
:60F:C150529EUR48082,98
:61:1505290601DR5,60N024NONREF
:86:809?00ENTGELTABSCHLUSS?106666?20Entgeltabrechnung?21siehe Anl
age?3068050101
:61:1506010601DR141,00NDDTNONREF
:86:105?00FOLGELASTSCHRIFT?109300?20EREF+006092321892?21MREF+7001
129416769001?22CRED+DE63ZZZ00000023667?23SVWZ+BELEG006092321892/V
K00?241129416769/LERCHENSTRASSE3/?25PROF. DR. MATHIAS HOLSCHNEI?2
6DER?27ABWA+bnNETZE Wasser (Hilfsb?28k.)?30FRSPDE66XXX?31DE236805
01010013337519?32bnNETZE GmbH?34992
:61:1506010601DR19,00NDDTNONREF
:86:105?00FOLGELASTSCHRIFT?109300?20EREF+006180945921?21MREF+7001
007509088001?22CRED+DE37ZZZ00000023650?23SVWZ+BELEG006180945921/V
K00?241007509088/ABSCHLAG FAELLIG?25 30052015 FUER MAI/LERCHENS?2
6TRASSE3/PROF. DR. MATHIASHO?27LSCHNEIDER?30FRSPDE66XXX?31DE89680
501010002010029?32badenova AG  CO. KG?34992
:61:1506010601DR494,00NDDTNONREF
:86:105?00FOLGELASTSCHRIFT?109262?20EREF+05/15 2080452635 494,0?2
10?22MREF+ 220000077620?23CRED+DE90ZZZ00000000192?24SVWZ+WUSTENRO
T BANK AG?30WBAGDE61XXX?31DE92604200002080452635?32PROF.DR. MATTH
IAS HOLSCHNEI?34992
:62M:C150601EUR47423,38
-
:20:STARTUMSE
:25:68050101/0012045802
:28C:00000/002
:60M:C150601EUR47423,38
:61:1506010601DR200,00NDDTNONREF
:86:105?00FOLGELASTSCHRIFT?109250?20EREF+01-06-15 KG8 66 766 37?2
133?22MREF+200000435392?23CRED+DE92ZZZ00000032166?24SVWZ+8/66 766
 3733 200,00 E?25UR?30SOLADEST600?31DE53600501010001366705?32WUES
TENROT BAUSPARKASSE AG?34992
:61:1506010601DR160,14NDDTNONREF
:86:105?00FOLGELASTSCHRIFT?109250?20EREF+LV1290569102?21MREF+0311
0164826?22CRED+DE60ZZZ00000023236?23SVWZ+LV 1290569102 BEITRAG?24
06/15?30DEUTDEFFXXX?31DE44500700100961353001?32Zurich Deutscher H
erold Leb?33ensversicherung Aktiengesel?34992
:61:1506010601CR420,00N060NONREF
:86:152?00DAUERAUFTRAG?109201?20SVWZ+Miete Lerchenstrasse?30SOLAD
ES1KNZ?31DE88690500010024799991?32Josefine Adelhelm
:61:1506010601CR350,00N062NONREF
:86:166?00GUTSCHRIFT?109253?20SVWZ+Miete Friederike Selba?21ch, Z
immer EG, Lerchenstr.?223, Freiburg?30GENODE61WTH?31DE94673900000
086317109?32Dr. Jochen und Susanne Selb?33ach
:61:1506010601CR1090,00N060NONREF
:86:152?00DAUERAUFTRAG?109245?20SVWZ+MIETE LERCHENSTRASSE 3?30BYL
ADEM1001?31DE34120300001009351063?32Nadja Mingirulli
:62F:C150601EUR48923,24
-
:20:STARTUMSE
:25:68050101/0012045802
:28C:00000/001
:60F:C150601EUR48923,24
:61:1506020602CR380,00N061NONREF
:86:166?00GUTSCHRIFT?109310?20SVWZ+rent?30FRSPDE66XXX?31DE1468050
1010013449328?32DEREK MICHIO AOKI
:61:1506020602CR370,00N060NONREF
:86:152?00DAUERAUFTRAG?109253?20SVWZ+MIETE + NEBENKOSTEN LE?21RCH
ENSTRASSE 3?30GENODE61GUN?31DE02680642220000309508?32Braendle Dom
inik
:61:1506020602CR410,00N060NONREF
:86:152?00DAUERAUFTRAG?109251?20EREF+000000009802?21SVWZ+MIETE?30
DEUTDEDBFRE?31DE21680700240268962800?32SCHMIDT, DIRK
:62F:C150602EUR50083,24
-
:20:STARTUMSE
:25:68050101/0012045802
:28C:00000/001
:60F:C150602EUR50083,24
:61:1506030603CR1110,00N060NONREF
:86:152?00DAUERAUFTRAG?109253?20SVWZ+MIETE MALLMANN/KOLB LE?21RCH
ENSTR.3?30GENODE61BBB?31DE77660908000013724352?32Mallmann Susanne
:61:1506030603CR400,00N062NONREF
:86:166?00GUTSCHRIFT?109251?20SVWZ+Miete?30DRESDEFF680?31DE976808
00300400803000?32YULIA NEMETS
:62F:C150603EUR51593,24
-
:20:STARTUMSE
:25:68050101/0012045802
:28C:00000/001
:60F:C150603EUR51593,24
:61:1506100610DR2258,77NDDTNONREF
:86:105?00FOLGELASTSCHRIFT?109210?20EREF+024/351/62167-----L080?2
16201500029738?22MREF+BE041277825590?23CRED+DE02HST00000026026?24
SVWZ+STEUERNR. 024/351/6216?257 EINK.ST 2VJ.15 2.141,00EU?26R SOL
.EST 2VJ.15 117,77EUR?27ABWA+Berliner Finanzaemter?30BELADEBEXXX?
31DE94100500006600046463?32Finanzamt Charlottenburg i.?33A.d. Ber
liner Finanzämter?34992
:62F:C150610EUR49334,47
-
:20:STARTUMSE
:25:68050101/0012045802
:28C:00000/001
:60F:C150610EUR49334,47
:61:1506160616CR30,00N060NONREF
:86:152?00DAUERAUFTRAG?109253?20SVWZ+Garage Hr Wolak?30GENODE61BB
B?31DE33660908000004518195?32Wolak Martin
:62F:C150616EUR49364,47
-
:20:STARTUMSE
:25:68050101/0012045802
:28C:00000/001
:60F:C150616EUR49364,47
:61:1506300630DR298,00NDDTNONREF
:86:105?00FOLGELASTSCHRIFT?109300?20EREF+LS1020000106206?21MREF+W
20D418613013366?22CRED+DE65ZZZ00000211132?23SVWZ+ABSCHLAG 06/2015
 KD 41?248613 Lerchenstr. 3 Gas EUR?25298,00?30FRSPDE66XXX?31DE94
680501010021000405?32STADTWERKE WALDKIRCH GMBH?34992
:61:1506300630DR141,00NDDTNONREF
:86:105?00FOLGELASTSCHRIFT?109300?20EREF+006042621118?21MREF+7001
129416769001?22CRED+DE63ZZZ00000023667?23SVWZ+BELEG006042621118/V
K00?241129416769/LERCHENSTRASSE3/?25PROF. DR. MATHIAS HOLSCHNEI?2
6DER?27ABWA+bnNETZE Wasser (Hilfsb?28k.)?30FRSPDE66XXX?31DE236805
01010013337519?32bnNETZE GmbH?34992
:61:1506300630DR19,00NDDTNONREF
:86:105?00FOLGELASTSCHRIFT?109300?20EREF+006042477780?21MREF+7001
007509088001?22CRED+DE37ZZZ00000023650?23SVWZ+BELEG006042477780/V
K00?241007509088/ABSCHLAG FAELLIG?25 30062015 FUER JUNI/LERCHEN?2
6STRASSE3/PROF. DR. MATHIASH?27OLSCHNEIDER?30FRSPDE66XXX?31DE8968
0501010002010029?32badenova AG  CO. KG?34992
:61:1506300630CR350,00N062NONREF
:86:166?00GUTSCHRIFT?109253?20SVWZ+Miete Friederike Selba?21ch, Z
immer EG, Lerchenstr.?223, Freiburg?30GENODE61WTH?31DE94673900000
086317109?32Dr. Jochen und Susanne Selb?33ach
:61:1506300630DR5,00N024NONREF
:86:809?00ENTGELTABSCHLUSS?106666?20Entgeltabrechnung?21siehe Anl
age?3068050101
:61:1506300630CR0,00N066NONREF
:86:805?00ABSCHLUSS?106666?20Abrechnung 30.06.2015?21siehe Anlage
?3068050101
:62F:C150630EUR49251,47
-
:20:STARTUMSE
:25:68050101/0012045802
:28C:00000/001
:60F:C150630EUR49251,47
:61:1507010701DR494,00NDDTNONREF
:86:105?00FOLGELASTSCHRIFT?109262?20EREF+06/15 2080452635 494,0?2
10?22MREF+ 220000077620?23CRED+DE90ZZZ00000000192?24SVWZ+WUSTENRO
T BANK AG?30WBAGDE61XXX?31DE92604200002080452635?32PROF.DR. MATTH
IAS HOLSCHNEI?34992
:61:1507010701DR160,14NDDTNONREF
:86:105?00FOLGELASTSCHRIFT?109250?20EREF+LV1290569102?21MREF+0311
0164826?22CRED+DE60ZZZ00000023236?23SVWZ+LV 1290569102 BEITRAG?24
07/15?30DEUTDEFFXXX?31DE44500700100961353001?32Zurich Deutscher H
erold Leb?33ensversicherung Aktiengesel?34992
:61:1507010701DR200,00NDDTNONREF
:86:105?00FOLGELASTSCHRIFT?109250?20EREF+01-07-15 KG8 66 766 37?2
133?22MREF+200000435392?23CRED+DE92ZZZ00000032166?24SVWZ+8/66 766
 3733 200,00 E?25UR?30SOLADEST600?31DE53600501010001366705?32WUES
TENROT BAUSPARKASSE AG?34992
:61:1507010701CR420,00N060NONREF
:86:152?00DAUERAUFTRAG?109201?20SVWZ+Miete Lerchenstrasse?30SOLAD
ES1KNZ?31DE88690500010024799991?32Josefine Adelhelm
:61:1507010701CR1090,00N060NONREF
:86:152?00DAUERAUFTRAG?109245?20SVWZ+MIETE LERCHENSTRASSE 3?30BYL
ADEM1001?31DE34120300001009351063?32Nadja Mingirulli
:61:1507010701CR370,00N060NONREF
:86:152?00DAUERAUFTRAG?109253?20SVWZ+MIETE + NEBENKOSTEN LE?21RCH
ENSTRASSE 3?30GENODE61GUN?31DE02680642220000309508?32Braendle Dom
inik
:61:1507010701CR400,00N062NONREF
:86:166?00GUTSCHRIFT?109251?20SVWZ+Miete?30DRESDEFF680?31DE976808
00300400803000?32YULIA NEMETS
:62F:C150701EUR50677,33
-
:20:STARTUMSE
:25:68050101/0012045802
:28C:00000/001
:60F:C150701EUR50677,33
:61:1507020702CR380,00N061NONREF
:86:166?00GUTSCHRIFT?109310?20SVWZ+rent?30FRSPDE66XXX?31DE1468050
1010013449328?32DEREK MICHIO AOKI
:61:1507020702CR410,00N060NONREF
:86:152?00DAUERAUFTRAG?109251?20EREF+000000009802?21SVWZ+MIETE?30
DEUTDEDBFRE?31DE21680700240268962800?32SCHMIDT, DIRK
:62F:C150702EUR51467,33
-
:20:STARTUMSE
:25:68050101/0012045802
:28C:00000/001
:60F:C150702EUR51467,33
:61:1507030703CR1110,00N060NONREF
:86:152?00DAUERAUFTRAG?109253?20SVWZ+MIETE MALLMANN/KOLB LE?21RCH
ENSTR.3?30GENODE61BBB?31DE77660908000013724352?32Mallmann Susanne
:62F:C150703EUR52577,33
-
:20:STARTUMSE
:25:68050101/0012045802
:28C:00000/001
:60F:C150703EUR52577,33
:61:1507150715DR163,00N012NONREF
:86:116?00DAUERAUFTRAG?107000?20SVWZ+Vorgartenpflege Lerche?21nst
r.?30FRSPDE66XXX?31DE50680501010012809062?32Rabe, Ladislav?34997
:62F:C150715EUR52414,33
-
:20:STARTUMSE
:25:68050101/0012045802
:28C:00000/001
:60F:C150715EUR52414,33
:61:1507160716CR30,00N060NONREF
:86:152?00DAUERAUFTRAG?109253?20SVWZ+Garage Hr Wolak?30GENODE61BB
B?31DE33660908000004518195?32Wolak Martin
:62F:C150716EUR52444,33
-
:20:STARTUMSE
:25:68050101/0012045802
:28C:00000/001
:60F:C150716EUR52444,33
:61:1507300730DR141,00NDDTNONREF
:86:105?00FOLGELASTSCHRIFT?109300?20EREF+006052490229?21MREF+7001
129416769001?22CRED+DE63ZZZ00000023667?23SVWZ+BELEG006052490229/V
K00?241129416769/LERCHENSTRASSE3/?25PROF. DR. MATHIAS HOLSCHNEI?2
6DER?27ABWA+bnNETZE Wasser (Hilfsb?28k.)?30FRSPDE66XXX?31DE236805
01010013337519?32bnNETZE GmbH?34992
:61:1507300730DR19,00NDDTNONREF
:86:105?00FOLGELASTSCHRIFT?109300?20EREF+006052352027?21MREF+7001
007509088001?22CRED+DE37ZZZ00000023650?23SVWZ+BELEG006052352027/V
K00?241007509088/ABSCHLAG FAELLIG?25 30072015 FUER JULI/LERCHEN?2
6STRASSE3/PROF. DR. MATHIASH?27OLSCHNEIDER?30FRSPDE66XXX?31DE8968
0501010002010029?32badenova AG  CO. KG?34992
:61:1507300730CR350,00N062NONREF
:86:166?00GUTSCHRIFT?109253?20SVWZ+Miete Friederike Selba?21ch, Z
immer EG, Lerchenstr.?223, Freiburg?30GENODE61WTH?31DE94673900000
086317109?32Dr. Jochen und Susanne Selb?33ach
:62F:C150730EUR52634,33
-
:20:STARTUMSE
:25:68050101/0012045802
:28C:00000/001
:60F:C150730EUR52634,33
:61:1507310731DR298,00NDDTNONREF
:86:105?00FOLGELASTSCHRIFT?109300?20EREF+LS1020000112789?21MREF+W
20D418613013366?22CRED+DE65ZZZ00000211132?23SVWZ+ABSCHLAG 07/2015
 KD 41?248613 Lerchenstr. 3 Gas EUR?25298,00?30FRSPDE66XXX?31DE94
680501010021000405?32STADTWERKE WALDKIRCH GMBH?34992
:62F:C150731EUR52336,33
-
:20:STARTUMSE
:25:68050101/0012045802
:28C:00000/001
:60F:C150731EUR52336,33
:61:1507300803DR5,00N024NONREF
:86:809?00ENTGELTABSCHLUSS?106666?20Entgeltabrechnung?21siehe Anl
age?3068050101
:61:1508030803DR164,23NDDTNONREF
:86:105?00FOLGELASTSCHRIFT?109250?20EREF+LV1290569102?21MREF+0311
0164826?22CRED+DE60ZZZ00000023236?23SVWZ+LV 1290569102 BEITRAG?24
08/15?30DEUTDEFFXXX?31DE44500700100961353001?32Zurich Deutscher H
erold Leb?33ensversicherung Aktiengesel?34992
:61:1508030803DR200,00NDDTNONREF
:86:105?00FOLGELASTSCHRIFT?109250?20EREF+01-08-15 KG8 66 766 37?2
133?22MREF+200000435392?23CRED+DE92ZZZ00000032166?24SVWZ+8/66 766
 3733 200,00 E?25UR?30SOLADEST600?31DE53600501010001366705?32WUES
TENROT BAUSPARKASSE AG?34992
:61:1508030803DR494,00NDDTNONREF
:86:105?00FOLGELASTSCHRIFT?109262?20EREF+07/15 2080452635 494,0?2
10?22MREF+ 220000077620?23CRED+DE90ZZZ00000000192?24SVWZ+WUSTENRO
T BANK AG?30WBAGDE61XXX?31DE92604200002080452635?32PROF.DR. MATTH
IAS HOLSCHNEI?34992
:61:1508030803CR420,00N060NONREF
:86:152?00DAUERAUFTRAG?109201?20SVWZ+Miete Lerchenstrasse?30SOLAD
ES1KNZ?31DE88690500010024799991?32Josefine Adelhelm
:61:1508030803CR1090,00N060NONREF
:86:152?00DAUERAUFTRAG?109245?20SVWZ+MIETE LERCHENSTRASSE 3?30BYL
ADEM1001?31DE34120300001009351063?32Nadja Mingirulli
:61:1508030803CR370,00N060NONREF
:86:152?00DAUERAUFTRAG?109253?20SVWZ+MIETE + NEBENKOSTEN LE?21RCH
ENSTRASSE 3?30GENODE61GUN?31DE02680642220000309508?32Braendle Dom
inik
:61:1508030803CR400,00N062NONREF
:86:166?00GUTSCHRIFT?109251?20SVWZ+Miete?30DRESDEFF680?31DE976808
00300400803000?32YULIA NEMETS
:62F:C150803EUR53753,10
-
:20:STARTUMSE
:25:68050101/0012045802
:28C:00000/001
:60F:C150803EUR53753,10
:61:1508040804CR1110,00N060NONREF
:86:152?00DAUERAUFTRAG?109253?20SVWZ+MIETE MALLMANN/KOLB LE?21RCH
ENSTR.3?30GENODE61BBB?31DE77660908000013724352?32Mallmann Susanne
:61:1508040804CR410,00N060NONREF
:86:152?00DAUERAUFTRAG?109251?20EREF+000000009802?21SVWZ+MIETE?30
DEUTDEDBFRE?31DE21680700240268962800?32SCHMIDT, DIRK
:62F:C150804EUR55273,10
-
:20:STARTUMSE
:25:68050101/0012045802
:28C:00000/001
:60F:C150804EUR55273,10
:61:1508120812DR363,78NDDTNONREF
:86:105?00FOLGELASTSCHRIFT?109250?20EREF+9031014495?21MREF+000100
0000001214?22CRED+DE31ZZZ00000236867?23SVWZ+RG 0081794157 29.7.20
1?245 Glaeubiger-ID. DE31ZZZ000?2500236867Ihre Mandatsreferen?26z
 bei uns. 0001000000001214?30COBADEFFXXX?31DE16500400000582454500
?32TECHEM Energy Services?34992
:62F:C150812EUR54909,32
-
:20:STARTUMSE
:25:68050101/0012045802
:28C:00000/001
:60F:C150812EUR54909,32
:61:1508170817DR219,57NDDTNONREF
:86:105?00FOLGELASTSCHRIFT?109300?20EREF+140800033241?21MREF+5010
02762799001?22CRED+DE69ZZZ00000055472?23SVWZ+501002762799/Grundst
eu?24er Rate 2015?25ABWA+Stadt Freiburg Stadtka?26sse?30FRSPDE66X
XX?31DE63680501010002010012?32Stadt Freiburg?34992
:62F:C150817EUR54689,75
-
:20:STARTUMSE
:25:68050101/0012045802
:28C:00000/001
:60F:C150817EUR54689,75
:61:1508180818CR30,00N060NONREF
:86:152?00DAUERAUFTRAG?109253?20SVWZ+Garage Hr Wolak?30GENODE61BB
B?31DE33660908000004518195?32Wolak Martin
:62F:C150818EUR54719,75
-
:20:STARTUMSE
:25:68050101/0012045802
:28C:00000/001
:60F:C150818EUR54719,75
:61:1508310831DR141,00NDDTNONREF
:86:105?00FOLGELASTSCHRIFT?109300?20EREF+006062610045?21MREF+7001
129416769001?22CRED+DE63ZZZ00000023667?23SVWZ+BELEG006062610045/V
K00?241129416769/LERCHENSTRASSE3/?25PROF. DR. MATHIAS HOLSCHNEI?2
6DER?27ABWA+bnNETZE Wasser (Hilfsb?28k.)?30FRSPDE66XXX?31DE236805
01010013337519?32bnNETZE GmbH?34992
:61:1508310831DR19,00NDDTNONREF
:86:105?00FOLGELASTSCHRIFT?109300?20EREF+006062464154?21MREF+7001
007509088001?22CRED+DE37ZZZ00000023650?23SVWZ+BELEG006062464154/V
K00?241007509088/ABSCHLAG FAELLIG?25 30082015 FUER AUGUST /LERC?2
6HENSTRASSE3/PROF. DR. MATHI?27AS HOLSCHNEIDER?30FRSPDE66XXX?31DE
89680501010002010029?32badenova AG  CO. KG?34992
:61:1508310831DR298,00NDDTNONREF
:86:105?00FOLGELASTSCHRIFT?109300?20EREF+LS1020000119350?21MREF+W
20D418613013366?22CRED+DE65ZZZ00000211132?23SVWZ+ABSCHLAG 08/2015
 KD 41?248613 Lerchenstr. 3 Gas EUR?25298,00?30FRSPDE66XXX?31DE94
680501010021000405?32STADTWERKE WALDKIRCH GMBH?34992
:62F:C150831EUR54261,75
-
:20:STARTUMSE
:25:68050101/0012045802
:28C:00000/001
:60F:C150831EUR54261,75
:61:1508300901DR5,62N024NONREF
:86:809?00ENTGELTABSCHLUSS?106666?20Entgeltabrechnung?21siehe Anl
age?3068050101
:61:1509010901DR164,23NDDTNONREF
:86:105?00FOLGELASTSCHRIFT?109250?20EREF+LV1290569102?21MREF+0311
0164826?22CRED+DE60ZZZ00000023236?23SVWZ+LV 1290569102 BEITRAG?24
09/15?30DEUTDEFFXXX?31DE44500700100961353001?32Zurich Deutscher H
erold Leb?33ensversicherung Aktiengesel?34992
:61:1509010901DR200,00NDDTNONREF
:86:105?00FOLGELASTSCHRIFT?109250?20EREF+01-09-15 KG8 66 766 37?2
133?22MREF+200000435392?23CRED+DE92ZZZ00000032166?24SVWZ+8/66 766
 3733 200,00 E?25UR?30SOLADEST600?31DE53600501010001366705?32WUES
TENROT BAUSPARKASSE AG?34992
:61:1509010901DR494,00NDDTNONREF
:86:105?00FOLGELASTSCHRIFT?109262?20EREF+08/15 2080452635 494,0?2
10?22MREF+ 220000077620?23CRED+DE90ZZZ00000000192?24SVWZ+WUSTENRO
T BANK AG?30WBAGDE61XXX?31DE92604200002080452635?32PROF.DR. MATTH
IAS HOLSCHNEI?34992
:61:1509010901DR391,93NDDTNONREF
:86:105?00FOLGELASTSCHRIFT?109248?20EREF+HV08000748311201509010?2
100 012?22MREF+00001805596?23CRED+DE28HV100000088608?24SVWZ+Gebud
e 080.012.0074831?25.1 Zeitraum 01.09.2015-01.0?269.2016?30HELADE
FFXXX?31DE18500500000025192030?32Helvetia DfD?34992
:61:1509010901CR420,00N060NONREF
:86:152?00DAUERAUFTRAG?109201?20SVWZ+Miete Lerchenstrasse?30SOLAD
ES1KNZ?31DE88690500010024799991?32Josefine Adelhelm
:61:1509010901CR1090,00N060NONREF
:86:152?00DAUERAUFTRAG?109245?20SVWZ+MIETE LERCHENSTRASSE 3?30BYL
ADEM1001?31DE34120300001009351063?32Nadja Mingirulli
:61:1509010901CR350,00N062NONREF
:86:166?00GUTSCHRIFT?109253?20SVWZ+Miete Friederike Selba?21ch, Z
immer EG, Lerchenstr.?223, Freiburg?30GENODE61WTH?31DE94673900000
086317109?32Dr. Jochen und Susanne Selb?33ach
:61:1509010901CR370,00N060NONREF
:86:152?00DAUERAUFTRAG?109253?20SVWZ+MIETE + NEBENKOSTEN LE?21RCH
ENSTRASSE 3?30GENODE61GUN?31DE02680642220000309508?32Braendle Dom
inik
:62F:C150901EUR55235,97
-
:20:STARTUMSE
:25:68050101/0012045802
:28C:00000/001
:60F:C150901EUR55235,97
:61:1509020902CR410,00N060NONREF
:86:152?00DAUERAUFTRAG?109251?20EREF+000000009802?21SVWZ+MIETE?30
DEUTDEDBFRE?31DE21680700240268962800?32SCHMIDT, DIRK
:62F:C150902EUR55645,97
-
:20:STARTUMSE
:25:68050101/0012045802
:28C:00000/001
:60F:C150902EUR55645,97
:61:1509030903CR1110,00N060NONREF
:86:152?00DAUERAUFTRAG?109253?20SVWZ+MIETE MALLMANN/KOLB LE?21RCH
ENSTR.3?30GENODE61BBB?31DE77660908000013724352?32Mallmann Susanne
:61:1509030903CR400,00N062NONREF
:86:166?00GUTSCHRIFT?109251?20SVWZ+Miete?30DRESDEFF680?31DE976808
00300400803000?32YULIA NEMETS
:62F:C150903EUR57155,97
-
:20:STARTUMSE
:25:68050101/0012045802
:28C:00000/001
:60F:C150903EUR57155,97
:61:1509100910DR2258,77NDDTNONREF
:86:105?00FOLGELASTSCHRIFT?109210?20EREF+024/351/62167-----L080?2
19201500030518?22MREF+BE041277825590?23CRED+DE02HST00000026026?24
SVWZ+STEUERNR. 024/351/6216?257 EINK.ST 3VJ.15 2.141,00EU?26R SOL
.EST 3VJ.15 117,77EUR?27ABWA+Berliner Finanzaemter?30BELADEBEXXX?
31DE94100500006600046463?32Finanzamt Charlottenburg i.?33A.d. Ber
liner Finanzämter?34992
:62F:C150910EUR54897,20
-
:20:STARTUMSE
:25:68050101/0012045802
:28C:00000/001
:60F:C150910EUR54897,20
:61:1509160916CR30,00N060NONREF
:86:152?00DAUERAUFTRAG?109253?20SVWZ+Garage Hr Wolak?30GENODE61BB
B?31DE33660908000004518195?32Wolak Martin
:62F:C150916EUR54927,20
-
:20:STARTUMSE
:25:68050101/0012045802
:28C:00000/001
:60F:C150916EUR54927,20
:61:1509170917DR692,72N033NONREF
:86:177?00ONLINE-UEBERWEISUNG?109310?20SVWZ+406031 kunde 00011230
?21DATUM 17.09.2015, 12.34 UHR?221.TAN 195661?23ABWA+PROF.DR.MATT
HIAS HOLSC?24HNEIDER?30FRSPDE66XXX?31DE13680501010012712049?32Sch
neider?34997
:62F:C150917EUR54234,48
-
:20:STARTUMSE
:25:68050101/0012045802
:28C:00000/001
:60F:C150917EUR54234,48
:61:1509300930DR141,00NDDTNONREF
:86:105?00FOLGELASTSCHRIFT?109300?20EREF+006003424782?21MREF+7001
129416769001?22CRED+DE63ZZZ00000023667?23SVWZ+BELEG006003424782/V
K00?241129416769/LERCHENSTRASSE3/?25PROF. DR. MATHIAS HOLSCHNEI?2
6DER?27ABWA+bnNETZE Wasser (Hilfsb?28k.)?30FRSPDE66XXX?31DE236805
01010013337519?32bnNETZE GmbH?34992
:61:1509300930DR19,00NDDTNONREF
:86:105?00FOLGELASTSCHRIFT?109300?20EREF+006003301806?21MREF+7001
007509088001?22CRED+DE37ZZZ00000023650?23SVWZ+BELEG006003301806/V
K00?241007509088/ABSCHLAG FAELLIG?25 30092015 FUER SEPTEMBER /L?2
6ERCHENSTRASSE3/PROF. DR. MA?27THIAS HOLSCHNEIDER?30FRSPDE66XXX?3
1DE89680501010002010029?32badenova AG  CO. KG?34992
:61:1509300930DR298,00NDDTNONREF
:86:105?00FOLGELASTSCHRIFT?109300?20EREF+LS1020000125781?21MREF+W
20D418613013366?22CRED+DE65ZZZ00000211132?23SVWZ+ABSCHLAG 09/2015
 KD 41?248613 Lerchenstr. 3 Gas EUR?25298,00?30FRSPDE66XXX?31DE94
680501010021000405?32STADTWERKE WALDKIRCH GMBH?34992
:61:1509300930CR350,00N062NONREF
:86:166?00GUTSCHRIFT?109253?20SVWZ+Miete Friederike Selba?21ch, Z
immer EG, Lerchenstr.?223, Freiburg?30GENODE61WTH?31DE94673900000
086317109?32Dr. Jochen und Susanne Selb?33ach
:61:1509300930DR5,00N024NONREF
:86:809?00ENTGELTABSCHLUSS?106666?20Entgeltabrechnung?21siehe Anl
age?3068050101
:61:1509300930CR0,00N066NONREF
:86:805?00ABSCHLUSS?106666?20Abrechnung 30.09.2015?21siehe Anlage
?3068050101
:62F:C150930EUR54121,48
-
:20:STARTUMSE
:25:68050101/0012045802
:28C:00000/001
:60F:C150930EUR54121,48
:61:1510011001DR200,00NDDTNONREF
:86:105?00FOLGELASTSCHRIFT?109250?20EREF+01-10-15 KG8 66 766 37?2
133?22MREF+200000435392?23CRED+DE92ZZZ00000032166?24SVWZ+8/66 766
 3733 200,00 E?25UR?30SOLADEST600?31DE53600501010001366705?32WUES
TENROT BAUSPARKASSE AG?34992
:61:1510011001DR164,23NDDTNONREF
:86:105?00FOLGELASTSCHRIFT?109250?20EREF+LV1290569102?21MREF+0311
0164826?22CRED+DE60ZZZ00000023236?23SVWZ+LV 1290569102 BEITRAG?24
10/15?30DEUTDEFFXXX?31DE44500700100961353001?32Zurich Deutscher H
erold Leb?33ensversicherung Aktiengesel?34992
:61:1510011001DR494,00NDDTNONREF
:86:105?00FOLGELASTSCHRIFT?109262?20EREF+09/15 2080452635 494,0?2
10?22MREF+ 220000077620?23CRED+DE90ZZZ00000000192?24SVWZ+WUSTENRO
T BANK AG?30WBAGDE61XXX?31DE92604200002080452635?32PROF.DR. MATTH
IAS HOLSCHNEI?34992
:61:1510011001CR420,00N060NONREF
:86:152?00DAUERAUFTRAG?109201?20SVWZ+Miete Lerchenstrasse?30SOLAD
ES1KNZ?31DE88690500010024799991?32Josefine Adelhelm
:61:1510011001CR1090,00N060NONREF
:86:152?00DAUERAUFTRAG?109245?20SVWZ+MIETE LERCHENSTRASSE 3?30BYL
ADEM1001?31DE34120300001009351063?32Nadja Mingirulli
:61:1510011001CR370,00N060NONREF
:86:152?00DAUERAUFTRAG?109253?20SVWZ+MIETE + NEBENKOSTEN LE?21RCH
ENSTRASSE 3?30GENODE61GUN?31DE02680642220000309508?32Braendle Dom
inik
:62F:C151001EUR55143,25
-
:20:STARTUMSE
:25:68050101/0012045802
:28C:00000/001
:60F:C151001EUR55143,25
:61:1510021002CR400,00N062NONREF
:86:166?00GUTSCHRIFT?109251?20EREF+CCB.274.UE.67913?21SVWZ+Miete?
30DRESDEFF680?31DE97680800300400803000?32YULIA NEMETS
:61:1510021002CR410,00N060NONREF
:86:152?00DAUERAUFTRAG?109251?20EREF+000000009802?21SVWZ+MIETE?30
DEUTDEDBFRE?31DE21680700240268962800?32SCHMIDT, DIRK
:62F:C151002EUR55953,25
-
:20:STARTUMSE
:25:68050101/0012045802
:28C:00000/001
:60F:C151002EUR55953,25
:61:1510051005CR1110,00N060NONREF
:86:152?00DAUERAUFTRAG?109253?20SVWZ+MIETE MALLMANN/KOLB LE?21RCH
ENSTR.3?30GENODE61BBB?31DE77660908000013724352?32Mallmann Susanne
:62F:C151005EUR57063,25
-
:20:STARTUMSE
:25:68050101/0012045802
:28C:00000/001
:60F:C151005EUR57063,25
:61:1510121012CR30,00N062NONREF
:86:166?00GUTSCHRIFT?109253?20SVWZ+Garage Lerchenstr.3 Ma?21rtin 
Wolak?30GENODE61BBB?31DE33660908000004518195?32Martin Wolak
:62F:C151012EUR57093,25
-
:20:STARTUMSE
:25:68050101/0012045802
:28C:00000/001
:60F:C151012EUR57093,25
:61:1510151015DR163,00N012NONREF
:86:116?00DAUERAUFTRAG?107000?20SVWZ+Vorgartenpflege Lerche?21nst
r.?30FRSPDE66XXX?31DE50680501010012809062?32Rabe, Ladislav?34997
:62F:C151015EUR56930,25
-
:20:STARTUMSE
:25:68050101/0012045802
:28C:00000/001
:60F:C151015EUR56930,25
:61:1510301030DR298,00NDDTNONREF
:86:105?00FOLGELASTSCHRIFT?109300?20EREF+LS1020000132299?21MREF+W
20D418613013366?22CRED+DE65ZZZ00000211132?23SVWZ+ABSCHLAG 10/2015
 KD 41?248613 Lerchenstr. 3 Gas EUR?25298,00?30FRSPDE66XXX?31DE94
680501010021000405?32STADTWERKE WALDKIRCH GMBH?34992
:61:1510301030DR141,00NDDTNONREF
:86:105?00FOLGELASTSCHRIFT?109300?20EREF+006191719632?21MREF+7001
129416769001?22CRED+DE63ZZZ00000023667?23SVWZ+BELEG006191719632/V
K00?241129416769/LERCHENSTRASSE3/?25PROF. DR. MATHIAS HOLSCHNEI?2
6DER?27ABWA+bnNETZE Wasser (Hilfsb?28k.)?30FRSPDE66XXX?31DE236805
01010013337519?32bnNETZE GmbH?34992
:61:1510301030DR19,00NDDTNONREF
:86:105?00FOLGELASTSCHRIFT?109300?20EREF+006191583705?21MREF+7001
007509088001?22CRED+DE37ZZZ00000023650?23SVWZ+BELEG006191583705/V
K00?241007509088/ABSCHLAG FAELLIG?25 30102015 FUER OKTOBER /LER?2
6CHENSTRASSE3/PROF. DR. MATH?27IAS HOLSCHNEIDER?30FRSPDE66XXX?31D
E89680501010002010029?32badenova AG  CO. KG?34992
:61:1510301030CR350,00N060NONREF
:86:152?00DAUERAUFTRAG?109253?20SVWZ+Miete Friederike Selba?21ch,
 Zimmer EG, Lerchenstr.?223, Freiburg?30GENODE61WTH?31DE946739000
00086317109?32Dr. Jochen und Susanne Selb?33ach
:62F:C151030EUR56822,25
-
:20:STARTUMSE
:25:68050101/0012045802
:28C:00000/001
:60F:C151030EUR56822,25
:61:1510301102DR5,00N024NONREF
:86:809?00ENTGELTABSCHLUSS?106666?20Entgeltabrechnung?21siehe Anl
age?3068050101
:61:1511021102DR200,00NDDTNONREF
:86:105?00FOLGELASTSCHRIFT?109250?20EREF+01-11-15 KG8 66 766 37?2
133?22MREF+200000435392?23CRED+DE92ZZZ00000032166?24SVWZ+8/66 766
 3733 200,00 E?25UR?30SOLADEST600?31DE53600501010001366705?32WUES
TENROT BAUSPARKASSE AG?34992
:61:1511021102DR494,00NDDTNONREF
:86:105?00FOLGELASTSCHRIFT?109262?20EREF+10/15 2080452635 494,0?2
10?22MREF+ 220000077620?23CRED+DE90ZZZ00000000192?24SVWZ+WUSTENRO
T BANK AG?30WBAGDE61XXX?31DE92604200002080452635?32PROF.DR. MATTH
IAS HOLSCHNEI?34992
:61:1511021102DR164,23NDDTNONREF
:86:105?00FOLGELASTSCHRIFT?109250?20EREF+LV1290569102?21MREF+0311
0164826?22CRED+DE60ZZZ00000023236?23SVWZ+LV 1290569102 BEITRAG?24
11/15?30DEUTDEFFXXX?31DE44500700100961353001?32Zurich Deutscher H
erold Leb?33ensversicherung Aktiengesel?34992
:61:1511021102CR420,00N060NONREF
:86:152?00DAUERAUFTRAG?109201?20SVWZ+Miete Lerchenstrasse?30SOLAD
ES1KNZ?31DE88690500010024799991?32Josefine Adelhelm
:61:1511021102CR1090,00N060NONREF
:86:152?00DAUERAUFTRAG?109245?20SVWZ+MIETE LERCHENSTRASSE 3?30BYL
ADEM1001?31DE34120300001009351063?32Nadja Mingirulli
:62F:C151102EUR57469,02
-
:20:STARTUMSE
:25:68050101/0012045802
:28C:00000/001
:60F:C151102EUR57469,02
:61:1511031103CR370,00N060NONREF
:86:152?00DAUERAUFTRAG?109253?20SVWZ+MIETE + NEBENKOSTEN LE?21RCH
ENSTRASSE 3?30GENODE61GUN?31DE02680642220000309508?32Braendle Dom
inik
:61:1511031103CR1110,00N060NONREF
:86:152?00DAUERAUFTRAG?109253?20SVWZ+MIETE MALLMANN/KOLB LE?21RCH
ENSTR.3?30GENODE61BBB?31DE77660908000013724352?32Mallmann Susanne
:61:1511031103CR410,00N060NONREF
:86:152?00DAUERAUFTRAG?109251?20EREF+000000009802?21SVWZ+MIETE?30
DEUTDEDBFRE?31DE21680700240268962800?32SCHMIDT, DIRK
:61:1511031103CR400,00N062NONREF
:86:166?00GUTSCHRIFT?109251?20EREF+CCB.306.UE.115273?21SVWZ+Miete
?30DRESDEFF680?31DE97680800300400803000?32YULIA NEMETS
:62F:C151103EUR59759,02
-
:20:STARTUMSE
:25:68050101/0012045802
:28C:00000/001
:60F:C151103EUR59759,02
:61:1511161116DR219,57NDDTNONREF
:86:105?00FOLGELASTSCHRIFT?109300?20EREF+140800082564?21MREF+5010
02762799001?22CRED+DE69ZZZ00000055472?23SVWZ+501002762799/Grundst
eu?24er Rate 2015?25ABWA+Stadt Freiburg Stadtka?26sse?30FRSPDE66X
XX?31DE63680501010002010012?32Stadt Freiburg?34992
:62F:C151116EUR59539,45
-
:20:STARTUMSE
:25:68050101/0012045802
:28C:00000/001
:60F:C151116EUR59539,45
:61:1511231123DR213,72N033NONREF
:86:177?00ONLINE-UEBERWEISUNG?109310?20SVWZ+Recnung Nr. 15223?21D
ATUM 22.11.2015, 18.31 UHR?221.TAN 819798?23ABWA+PROF.DR.MATTHIAS
 HOLSC?24HNEIDER?30FRSPDE66XXX?31DE86680501010002147435?32Ruttkow
ski?34997
:62F:C151123EUR59325,73
-
:20:STARTUMSE
:25:68050101/0012045802
:28C:00000/001
:60F:C151123EUR59325,73
:61:1511301130DR298,00NDDTNONREF
:86:105?00FOLGELASTSCHRIFT?109300?20EREF+LS1020000138770?21MREF+W
20D418613013366?22CRED+DE65ZZZ00000211132?23SVWZ+ABSCHLAG 11/2015
 KD 41?248613 Lerchenstr. 3 Gas EUR?25298,00?30FRSPDE66XXX?31DE94
680501010021000405?32STADTWERKE WALDKIRCH GMBH?34992
:61:1511301130DR141,00NDDTNONREF
:86:105?00FOLGELASTSCHRIFT?109300?20EREF+006191937730?21MREF+7001
129416769001?22CRED+DE63ZZZ00000023667?23SVWZ+BELEG006191937730/V
K00?241129416769/LERCHENSTRASSE3/?25PROF. DR. MATHIAS HOLSCHNEI?2
6DER?27ABWA+bnNETZE Wasser (Hilfsb?28k.)?30FRSPDE66XXX?31DE236805
01010013337519?32bnNETZE GmbH?34992
:62M:C151130EUR58886,73
-
:20:STARTUMSE
:25:68050101/0012045802
:28C:00000/002
:60M:C151130EUR58886,73
:61:1511301130DR19,00NDDTNONREF
:86:105?00FOLGELASTSCHRIFT?109300?20EREF+006191800850?21MREF+7001
007509088001?22CRED+DE37ZZZ00000023650?23SVWZ+BELEG006191800850/V
K00?241007509088/ABSCHLAG FAELLIG?25 30112015 FUER NOVEMBER /LE?2
6RCHENSTRASSE3/PROF. DR. MAT?27HIAS HOLSCHNEIDER?30FRSPDE66XXX?31
DE89680501010002010029?32badenova AG  CO. KG?34992
:62F:C151130EUR58867,73
-
:20:STARTUMSE
:25:68050101/0012045802
:28C:00000/001
:60F:C151130EUR58867,73
:61:1511301201DR5,62N024NONREF
:86:809?00ENTGELTABSCHLUSS?106666?20Entgeltabrechnung?21siehe Anl
age?3068050101
:61:1512011201DR164,23NDDTNONREF
:86:105?00FOLGELASTSCHRIFT?109250?20EREF+LV1290569102?21MREF+0311
0164826?22CRED+DE60ZZZ00000023236?23SVWZ+LV 1290569102 BEITRAG?24
12/15?30DEUTDEFFXXX?31DE44500700100961353001?32Zurich Deutscher H
erold Leb?33ensversicherung Aktiengesel?34992
:61:1512011201DR200,00NDDTNONREF
:86:105?00FOLGELASTSCHRIFT?109250?20EREF+01-12-15 KG8 66 766 37?2
133?22MREF+200000435392?23CRED+DE92ZZZ00000032166?24SVWZ+8/66 766
 3733 200,00 E?25UR?30SOLADEST600?31DE53600501010001366705?32WUES
TENROT BAUSPARKASSE AG?34992
:61:1512011201DR494,00NDDTNONREF
:86:105?00FOLGELASTSCHRIFT?109262?20EREF+11/15 2080452635 494,0?2
10?22MREF+ 220000077620?23CRED+DE90ZZZ00000000192?24SVWZ+WUSTENRO
T BANK AG?30WBAGDE61XXX?31DE92604200002080452635?32PROF.DR. MATTH
IAS HOLSCHNEI?34992
:61:1512011201CR420,00N060NONREF
:86:152?00DAUERAUFTRAG?109201?20SVWZ+Miete Lerchenstrasse?30SOLAD
ES1KNZ?31DE88690500010024799991?32Josefine Adelhelm
:61:1512011201CR370,00N060NONREF
:86:152?00DAUERAUFTRAG?109253?20SVWZ+MIETE + NEBENKOSTEN LE?21RCH
ENSTRASSE 3?30GENODE61GUN?31DE02680642220000309508?32Braendle Dom
inik
:61:1512011201CR350,00N060NONREF
:86:152?00DAUERAUFTRAG?109253?20SVWZ+Miete Friederike Selba?21ch,
 Zimmer EG, Lerchenstr.?223, Freiburg?30GENODE61WTH?31DE946739000
00086317109?32Dr. Jochen und Susanne Selb?33ach
:61:1512011201CR1090,00N060NONREF
:86:152?00DAUERAUFTRAG?109245?20SVWZ+MIETE LERCHENSTRASSE 3?30BYL
ADEM1001?31DE34120300001009351063?32Nadja Mingirulli
:62F:C151201EUR60233,88
-
:20:STARTUMSE
:25:68050101/0012045802
:28C:00000/001
:60F:C151201EUR60233,88
:61:1512021202CR410,00N060NONREF
:86:152?00DAUERAUFTRAG?109251?20EREF+000000009802?21SVWZ+Miete?30
DEUTDEDBFRE?31DE21680700240268962800?32Schmidt, Dirk
:62F:C151202EUR60643,88
-
:20:STARTUMSE
:25:68050101/0012045802
:28C:00000/001
:60F:C151202EUR60643,88
:61:1512031203CR1110,00N060NONREF
:86:152?00DAUERAUFTRAG?109253?20SVWZ+MIETE MALLMANN/KOLB LE?21RCH
ENSTR.3?30GENODE61BBB?31DE77660908000013724352?32Mallmann Susanne
:61:1512031203CR400,00N062NONREF
:86:166?00GUTSCHRIFT?109251?20EREF+CCB.336.UE.80918?21SVWZ+Miete?
30DRESDEFF680?31DE97680800300400803000?32YULIA NEMETS
:62F:C151203EUR62153,88
-
:20:STARTUMSE
:25:68050101/0012045802
:28C:00000/001
:60F:C151203EUR62153,88
:61:1512101210DR2258,77NDDTNONREF
:86:105?00FOLGELASTSCHRIFT?109210?20EREF+024/351/62167-----L081?2
12201500029076?22MREF+BE041277825590?23CRED+DE02HST00000026026?24
SVWZ+STEUERNR. 024/351/6216?257 EINK.ST 4VJ.15 2.258,77EU?26R?27A
BWA+Berliner Finanzaemter?30BELADEBEXXX?31DE94100500006600046463?
32Finanzamt Charlottenburg i.?33A.d. Berliner Finanzämter?34992
:62F:C151210EUR59895,11
-
:20:STARTUMSE
:25:68050101/0012045802
:28C:00000/001
:60F:C151210EUR59895,11
:61:1512171217CR30,00N062NONREF
:86:166?00GUTSCHRIFT?109251?20EREF+930071632BBBMLFC?21SVWZ+GARAGE
?30CCBADE31XXX?31DE94310108337125580820?32Keita, Lamin
:62F:C151217EUR59925,11
-
:20:STARTUMSE
:25:68050101/0012045802
:28C:00000/001
:60F:C151217EUR59925,11
:61:1512281228CR151,44N062NONREF
:86:166?00GUTSCHRIFT?109251?20EREF+9031083712?21SVWZ+X 151,44 EUR
 007903210?229X?30DEUTDEFFXXX?31DE03500700100096457701?32TECHEM E
nergy Services
:61:1512281228DR118,30NDDTNONREF
:86:105?00FOLGELASTSCHRIFT?109250?20EREF+9031064294?21MREF+000100
0000001214?22CRED+DE31ZZZ00000236867?23SVWZ+RG 0079032112 10.12.2
0?2415 Glaeubiger-ID. DE31ZZZ00?25000236867Ihre Mandatsrefere?26n
z bei uns. 000100000000121?274?30COBADEFFXXX?31DE1650040000058245
4500?32TECHEM Energy Services?34992
:62F:C151228EUR59958,25
-
:20:STARTUMSE
:25:68050101/0012045802
:28C:00000/001
:60F:C151228EUR59958,25
:61:1512301230DR298,00NDDTNONREF
:86:105?00FOLGELASTSCHRIFT?109300?20EREF+LS1020000145241?21MREF+W
20D418613013366?22CRED+DE65ZZZ00000211132?23SVWZ+ABSCHLAG 12/2015
 KD 41?248613 Lerchenstr. 3 Gas EUR?25298,00?30FRSPDE66XXX?31DE94
680501010021000405?32STADTWERKE WALDKIRCH GMBH?34992
:61:1512301230DR19,00NDDTNONREF
:86:105?00FOLGELASTSCHRIFT?109300?20EREF+006181122506?21MREF+7001
007509088001?22CRED+DE37ZZZ00000023650?23SVWZ+BELEG006181122506/V
K00?241007509088/ABSCHLAG FAELLIG?25 30122015 FUER DEZEMBER /LE?2
6RCHENSTRASSE3/PROF. DR. MAT?27HIAS HOLSCHNEIDER?30FRSPDE66XXX?31
DE89680501010002010029?32badenova AG  CO. KG?34992
:61:1512301230DR141,00NDDTNONREF
:86:105?00FOLGELASTSCHRIFT?109300?20EREF+006181233635?21MREF+7001
129416769001?22CRED+DE63ZZZ00000023667?23SVWZ+BELEG006181233635/V
K00?241129416769/LERCHENSTRASSE3/?25PROF. DR. MATHIAS HOLSCHNEI?2
6DER?27ABWA+bnNETZE Wasser (Hilfsb?28k.)?30FRSPDE66XXX?31DE236805
01010013337519?32bnNETZE GmbH?34992
:61:1512301230CR350,00N060NONREF
:86:152?00DAUERAUFTRAG?109253?20SVWZ+Miete Friederike Selba?21ch,
 Zimmer EG, Lerchenstr.?223, Freiburg?30GENODE61WTH?31DE946739000
00086317109?32Dr. Jochen und Susanne Selb?33ach
:61:1512301230DR5,00N024NONREF
:86:809?00ENTGELTABSCHLUSS?106666?20Entgeltabrechnung?21siehe Anl
age?3068050101
:61:1512301230CR0,00N066NONREF
:86:805?00ABSCHLUSS?106666?20Abrechnung 30.12.2015?21siehe Anlage
?3068050101
:62F:C151230EUR59845,25
-
:20:STARTUMSE
:25:68050101/0012045802
:28C:00000/001
:60F:C151230EUR59845,25
:61:1601040104DR200,00NDDTNONREF
:86:105?00FOLGELASTSCHRIFT?109250?20EREF+01-01-16 KG8 66 766 37?2
133?22MREF+200000435392?23CRED+DE92ZZZ00000032166?24SVWZ+8/66 766
 3733 200,00 E?25UR?30SOLADEST600?31DE53600501010001366705?32WUES
TENROT BAUSPARKASSE AG?34992
:61:1601040104DR494,00NDDTNONREF
:86:105?00FOLGELASTSCHRIFT?109262?20EREF+12/15 2080452635 494,0?2
10?22MREF+ 220000077620?23CRED+DE90ZZZ00000000192?24SVWZ+WUSTENRO
T BANK AG?30WBAGDE61XXX?31DE92604200002080452635?32PROF.DR. MATTH
IAS HOLSCHNEI?34992
:61:1601040104DR398,72NDDTNONREF
:86:105?00FOLGELASTSCHRIFT?109248?20EREF+670008755276 060507236?2
15?22MREF+IGM00002522218?23CRED+DE9300200000021090?24SVWZ+Gebaeud
e F-Elementar V?25ers. V10205158803 398,72 EU?26R.?30HELADEFFXXX?
31DE97500500000003200029?32SV Gebaeudeversicherung?34992
:61:1601040104CR420,00N060NONREF
:86:152?00DAUERAUFTRAG?109201?20SVWZ+Miete Lerchenstrasse?30SOLAD
ES1KNZ?31DE88690500010024799991?32Josefine Adelhelm
:61:1601040104CR370,00N060NONREF
:86:152?00DAUERAUFTRAG?109253?20SVWZ+MIETE + NEBENKOSTEN LE?21RCH
ENSTRASSE 3?30GENODE61GUN?31DE02680642220000309508?32Braendle Dom
inik
:61:1601040104CR1090,00N060NONREF
:86:152?00DAUERAUFTRAG?109245?20SVWZ+MIETE LERCHENSTRASSE 3?30BYL
ADEM1001?31DE34120300001009351063?32Nadja Mingirulli
:62F:C160104EUR60632,53
-
:20:STARTUMSE
:25:68050101/0012045802
:28C:00000/001
:60F:C160104EUR60632,53
:61:1601050105DR164,23NDDTNONREF
:86:105?00FOLGELASTSCHRIFT?109250?20EREF+LV1290569102?21MREF+0311
0164826?22CRED+DE60ZZZ00000023236?23SVWZ+LV 1290569102 BEITRAG?24
01/16?30DEUTDEFFXXX?31DE44500700100961353001?32Zurich Deutscher H
erold Leb?33ensversicherung Aktiengesel?34992
:61:1601050105CR149,45N062NONREF
:86:166?00GUTSCHRIFT?109263?20EREF+04993000339?21SVWZ+NEBENKOSTEN
NACHZAHLUNG?22 2015?30GENODED1VSN?31DE17314602902111444016?32DÜRE
N, ELISABETH
:61:1601050105CR119,56N062NONREF
:86:166?00GUTSCHRIFT?109263?20EREF+04993000425?21SVWZ+NEBENKOSTEN
 2014, LERC?22HENSTRASSE, EVA DUEREN?30GENODED1VSN?31DE9131460290
2111445012?32DÜREN, EVA
:61:1601050105CR1110,00N060NONREF
:86:152?00DAUERAUFTRAG?109253?20SVWZ+MIETE MALLMANN/KOLB LE?21RCH
ENSTR.3?30GENODE61BBB?31DE77660908000013724352?32Mallmann Susanne
:61:1601050105CR400,00N062NONREF
:86:166?00GUTSCHRIFT?109251?20EREF+CCB.4.UE.26357?21SVWZ+Miete?30
DRESDEFF680?31DE97680800300400803000?32YULIA NEMETS
:61:1601050105CR69,22N062NONREF
:86:166?00GUTSCHRIFT?109251?20EREF+CCB.4.UE.34068?21SVWZ+NK Abrec
hnung?30DRESDEFF680?31DE97680800300400803000?32YULIA NEMETS
:61:1601050105CR410,00N060NONREF
:86:152?00DAUERAUFTRAG?109251?20EREF+000000009802?21SVWZ+Miete?30
DEUTDEDBFRE?31DE21680700240268962800?32Schmidt, Dirk
:62F:C160105EUR62726,53
-
:20:STARTUMSE
:25:68050101/0012045802
:28C:00000/001
:60F:C160105EUR62726,53
:61:1601070107CR7,33N062NONREF
:86:166?00GUTSCHRIFT?109253?20SVWZ+Nebenkosten 2014-01-01?21 - 20
14-12-31?30GENODE61MHL?31DE11680919000000738603?32Neele Tjardes
:62F:C160107EUR62733,86
-
:20:STARTUMSE
:25:68050101/0012045802
:28C:00000/001
:60F:C160107EUR62733,86
:61:1601150115DR163,00N012NONREF
:86:116?00DAUERAUFTRAG?107000?20SVWZ+Vorgartenpflege Lerche?21nst
r.?30FRSPDE66XXX?31DE50680501010012809062?32Rabe, Ladislav?34997
:62F:C160115EUR62570,86
-
:20:STARTUMSE
:25:68050101/0012045802
:28C:00000/001
:60F:C160115EUR62570,86
:61:1601210121DR181,32NDDTNONREF
:86:105?00FOLGELASTSCHRIFT?109250?20EREF+9031095103?21MREF+000100
0000001214?22CRED+DE31ZZZ00000236867?23SVWZ+RG 0079158848 7.1.201
6?24 Glaeubiger-ID. DE31ZZZ0000?250236867Ihre Mandatsreferenz?26 
bei uns. 0001000000001214?30COBADEFFXXX?31DE16500400000582454500?
32TECHEM Energy Services?34992
:62F:C160121EUR62389,54
-
:20:STARTUMSE
:25:68050101/0012045802
:28C:00000/001
:60F:C160121EUR62389,54
:61:1601290129DR287,00NDDTNONREF
:86:105?00FOLGELASTSCHRIFT?109300?20EREF+LS1020000151726?21MREF+W
20D418613013366?22CRED+DE65ZZZ00000211132?23SVWZ+ABSCHLAG 01/2016
 KD 41?248613 Lerchenstr. 3 Gas EUR?25287,00?30FRSPDE66XXX?31DE94
680501010021000405?32STADTWERKE WALDKIRCH GMBH?34992
:61:1601290129CR137,01N061NONREF
:86:166?00GUTSCHRIFT?109301?20SVWZ+GUTHABEN bzw. UEBERZAH?21LUNG 
KD 418613 Prof. Dr. Ma?22tthias Holschne Lerchenstr.?23 3 79104 F
reiburg?30FRSPDE66XXX?31DE94680501010021000405?32STADTWERKE WALDK
IRCH GMBH
:62F:C160129EUR62239,55
-
:20:STARTUMSE
:25:68050101/0012045802
:28C:00000/001
:60F:C160129EUR62239,55
:61:1601290201DR5,00N024NONREF
:86:809?00ENTGELTABSCHLUSS?106666?20Entgeltabrechnung?21siehe Anl
age?3068050101
:61:1602010201DR19,00NDDTNONREF
:86:105?00FOLGELASTSCHRIFT?109300?20EREF+006003532812?21MREF+7001
007509088001?22CRED+DE37ZZZ00000023650?23SVWZ+BELEG006003532812/V
K00?241007509088/ABSCHLAG FAELLIG?25 30012016 FUER JANUAR /LERC?2
6HENSTRASSE3/PROF. DR. MATHI?27AS HOLSCHNEIDER?30FRSPDE66XXX?31DE
89680501010002010029?32badenova AG  CO. KG?34992
:61:1602010201DR141,00NDDTNONREF
:86:105?00FOLGELASTSCHRIFT?109300?20EREF+006003664528?21MREF+7001
129416769001?22CRED+DE63ZZZ00000023667?23SVWZ+BELEG006003664528/V
K00?241129416769/LERCHENSTRASSE3/?25PROF. DR. MATHIAS HOLSCHNEI?2
6DER?27ABWA+bnNETZE Wasser (Hilfsb?28k.)?30FRSPDE66XXX?31DE236805
01010013337519?32bnNETZE GmbH?34992
:61:1602010201DR164,23NDDTNONREF
:86:105?00FOLGELASTSCHRIFT?109250?20EREF+LV1290569102?21MREF+0311
0164826?22CRED+DE60ZZZ00000023236?23SVWZ+LV 1290569102 BEITRAG?24
02/16?30DEUTDEFFXXX?31DE44500700100961353001?32Zurich Deutscher H
erold Leb?33ensversicherung Aktiengesel?34992
:61:1602010201DR494,00NDDTNONREF
:86:105?00FOLGELASTSCHRIFT?109262?20EREF+01/16 2080452635 494,0?2
10?22MREF+ 220000077620?23CRED+DE90ZZZ00000000192?24SVWZ+WUSTENRO
T BANK AG?30WBAGDE61XXX?31DE92604200002080452635?32PROF.DR. MATTH
IAS HOLSCHNEI?34992
:61:1602010201DR200,00NDDTNONREF
:86:105?00FOLGELASTSCHRIFT?109250?20EREF+01-02-16 KG8 66 766 37?2
133?22MREF+200000435392?23CRED+DE92ZZZ00000032166?24SVWZ+8/66 766
 3733 200,00 E?25UR?30SOLADEST600?31DE53600501010001366705?32WUES
TENROT BAUSPARKASSE AG?34992
:61:1602010201CR420,00N060NONREF
:86:152?00DAUERAUFTRAG?109201?20SVWZ+Miete Lerchenstrasse?30SOLAD
ES1KNZ?31DE88690500010024799991?32Josefine Adelhelm
:61:1602010201CR350,00N060NONREF
:86:152?00DAUERAUFTRAG?109253?20SVWZ+Miete Friederike Selba?21ch,
 Zimmer EG, Lerchenstr.?223, Freiburg?30GENODE61WTH?31DE946739000
00086317109?32Dr. Jochen und Susanne Selb?33ach
:61:1602010201CR1090,00N060NONREF
:86:152?00DAUERAUFTRAG?109245?20SVWZ+MIETE LERCHENSTRASSE 3?30BYL
ADEM1001?31DE34120300001009351063?32Nadja Mingirulli
:62F:C160201EUR63076,32
-
:20:STARTUMSE
:25:68050101/0012045802
:28C:00000/001
:60F:C160201EUR63076,32
:61:1602020202CR370,00N060NONREF
:86:152?00DAUERAUFTRAG?109253?20SVWZ+MIETE + NEBENKOSTEN LE?21RCH
ENSTRASSE 3?30GENODE61GUN?31DE02680642220000309508?32Braendle Dom
inik
:61:1602020202CR410,00N060NONREF
:86:152?00DAUERAUFTRAG?109251?20EREF+000000009802?21SVWZ+Miete?30
DEUTDEDBFRE?31DE21680700240268962800?32Schmidt, Dirk
:61:1602020202CR400,00N062NONREF
:86:166?00GUTSCHRIFT?109251?20EREF+CCB.32.UE.116995?21SVWZ+Miete?
30DRESDEFF680?31DE97680800300400803000?32YULIA NEMETS
:61:1602020202CR30,00N062NONREF
:86:166?00GUTSCHRIFT?109251?20EREF+930071632BBBNCFV?21SVWZ+FUR GA
RAGE MIETE JANUA?22R?30CCBADE31XXX?31DE94310108337125580820?32Kei
ta, Lamin
:62F:C160202EUR64286,32
-
:20:STARTUMSE
:25:68050101/0012045802
:28C:00000/001
:60F:C160202EUR64286,32
:61:1602030203CR1110,00N060NONREF
:86:152?00DAUERAUFTRAG?109253?20SVWZ+MIETE MALLMANN/KOLB LE?21RCH
ENSTR.3?30GENODE61BBB?31DE77660908000013724352?32Mallmann Susanne
:62F:C160203EUR65396,32
-
:20:STARTUMSE
:25:68050101/0012045802
:28C:00000/001
:60F:C160203EUR65396,32
:61:1602150215DR219,57NDDTNONREF
:86:105?00FOLGELASTSCHRIFT?109300?20EREF+140200045622?21MREF+5010
02762799001?22CRED+DE69ZZZ00000055472?23SVWZ+501002762799/Grundst
eu?24er Rate 2016?25ABWA+Stadt Freiburg Stadtka?26sse?30FRSPDE66X
XX?31DE63680501010002010012?32Stadt Freiburg?34992
:62F:C160215EUR65176,75
-
:20:STARTUMSE
:25:68050101/0012045802
:28C:00000/001
:60F:C160215EUR65176,75
:61:1602190219CR700,72N070NONREF
:86:820?00UMBUCHUNG?104021?20Kontoaufloesung 3204879034?306805010
1?313204879034
:62F:C160219EUR65877,47
-
:20:STARTUMSE
:25:68050101/0012045802
:28C:00000/001
:60F:C160219EUR65877,47
:61:1602230223CR197,00N062NONREF
:86:166?00GUTSCHRIFT?109253?20SVWZ+NK 2014?30GENODE61GUN?31DE0268
0642220000309508?32Dominik Braendle
:62F:C160223EUR66074,47
-
:20:STARTUMSE
:25:68050101/0012045802
:28C:00000/001
:60F:C160223EUR66074,47
:61:1602240224DR700,72N033NONREF
:86:177?00ONLINE-UEBERWEISUNG?109310?20SVWZ+Rueckzahlung Kaution?
21DATUM 24.02.2016, 15.41 UHR?221.TAN 272045?23ABWA+PROF.DR.MATTH
IAS HOLSC?24HNEIDER?30GENODE61MHL?31DE11680919000000738603?32Neel
e Tjardes?34997
:62F:C160224EUR65373,75
-
:20:STARTUMSE
:25:68050101/0012045802
:28C:00000/001
:60F:C160224EUR65373,75
:61:1602290229DR141,00NDDTNONREF
:86:105?00FOLGELASTSCHRIFT?109300?20EREF+006003886895?21MREF+7001
129416769001?22CRED+DE63ZZZ00000023667?23SVWZ+BELEG006003886895/V
K00?241129416769/LERCHENSTRASSE3/?25PROF. DR. MATHIAS HOLSCHNEI?2
6DER?27ABWA+bnNETZE Wasser (Hilfsb?28k.)?30FRSPDE66XXX?31DE236805
01010013337519?32bnNETZE GmbH?34992
:61:1602290229DR287,00NDDTNONREF
:86:105?00FOLGELASTSCHRIFT?109300?20EREF+LS1020000158220?21MREF+W
20D418613013366?22CRED+DE65ZZZ00000211132?23SVWZ+ABSCHLAG 02/2016
 KD 41?248613 Lerchenstr. 3 Gas EUR?25287,00?30FRSPDE66XXX?31DE94
680501010021000405?32STADTWERKE WALDKIRCH GMBH?34992
:61:1602290229DR19,00NDDTNONREF
:86:105?00FOLGELASTSCHRIFT?109300?20EREF+006003753665?21MREF+7001
007509088001?22CRED+DE37ZZZ00000023650?23SVWZ+BELEG006003753665/V
K00?241007509088/ABSCHLAG FAELLIG?25 29022016 FUER FEBRUAR /LER?2
6CHENSTRASSE3/PROF. DR. MATH?27IAS HOLSCHNEIDER?30FRSPDE66XXX?31D
E89680501010002010029?32badenova AG  CO. KG?34992
:62F:C160229EUR64926,75
-
:20:STARTUMSE
:25:68050101/0012045802
:28C:00000/001
:60F:C160229EUR64926,75
:61:1602290301DR5,70N024NONREF
:86:809?00ENTGELTABSCHLUSS?106666?20Entgeltabrechnung?21siehe Anl
age?3068050101
:61:1603010301DR200,00NDDTNONREF
:86:105?00FOLGELASTSCHRIFT?109250?20EREF+01-03-16 KG8 66 766 37?2
133?22MREF+200000435392?23CRED+DE92ZZZ00000032166?24SVWZ+8/66 766
 3733 200,00 E?25UR?30SOLADEST600?31DE53600501010001366705?32WUES
TENROT BAUSPARKASSE AG?34992
:61:1603010301DR164,23NDDTNONREF
:86:105?00FOLGELASTSCHRIFT?109250?20EREF+LV1290569102?21MREF+0311
0164826?22CRED+DE60ZZZ00000023236?23SVWZ+LV 1290569102 BEITRAG?24
03/16?30DEUTDEFFXXX?31DE44500700100961353001?32Zurich Deutscher H
erold Leb?33ensversicherung Aktiengesel?34992
:61:1603010301DR137,56NDDTNONREF
:86:105?00FOLGELASTSCHRIFT?109250?20EREF+ABBUCHUNGSNR.1506242 0?2
110316?22MREF+02136008026?23CRED+DE38ZZZ00000023244?24SVWZ+HAFTPF
LICHT 4009773934?2524 BEITRAG 010316 137,56?30DEUTDEFFXXX?31DE385
00700100093778901?32Zurich Insurance plc Nieder?33lassung fuer De
utschland?34992
:61:1603010301DR494,00NDDTNONREF
:86:105?00FOLGELASTSCHRIFT?109262?20EREF+02/16 2080452635 494,0?2
10?22MREF+ 220000077620?23CRED+DE90ZZZ00000000192?24SVWZ+WUSTENRO
T BANK AG?30WBAGDE61XXX?31DE92604200002080452635?32PROF.DR. MATTH
IAS HOLSCHNEI?34992
:61:1603010301CR420,00N060NONREF
:86:152?00DAUERAUFTRAG?109201?20SVWZ+Miete Lerchenstrasse?30SOLAD
ES1KNZ?31DE88690500010024799991?32Josefine Adelhelm
:61:1603010301CR350,00N060NONREF
:86:152?00DAUERAUFTRAG?109253?20SVWZ+Miete Friederike Selba?21ch,
 Zimmer EG, Lerchenstr.?223, Freiburg?30GENODE61WTH?31DE946739000
00086317109?32Dr. Jochen und Susanne Selb?33ach
:61:1603010301CR370,00N060NONREF
:86:152?00DAUERAUFTRAG?109253?20SVWZ+MIETE + NEBENKOSTEN LE?21RCH
ENSTRASSE 3?30GENODE61GUN?31DE02680642220000309508?32Braendle Dom
inik
:61:1603010301CR1090,00N060NONREF
:86:152?00DAUERAUFTRAG?109245?20SVWZ+MIETE LERCHENSTRASSE 3?30BYL
ADEM1001?31DE34120300001009351063?32Nadja Mingirulli
:62F:C160301EUR66155,26
-
:20:STARTUMSE
:25:68050101/0012045802
:28C:00000/001
:60F:C160301EUR66155,26
:61:1603020302CR400,00N062NONREF
:86:166?00GUTSCHRIFT?109251?20EREF+CCB.61.UE.86902?21SVWZ+Miete?3
0DRESDEFF680?31DE97680800300400803000?32YULIA NEMETS
:61:1603020302CR410,00N060NONREF
:86:152?00DAUERAUFTRAG?109251?20EREF+000000009802?21SVWZ+Miete?30
DEUTDEDBFRE?31DE21680700240268962800?32Schmidt, Dirk
:62F:C160302EUR66965,26
-
:20:STARTUMSE
:25:68050101/0012045802
:28C:00000/001
:60F:C160302EUR66965,26
:61:1603030303CR1110,00N060NONREF
:86:152?00DAUERAUFTRAG?109253?20SVWZ+MIETE MALLMANN/KOLB LE?21RCH
ENSTR.3?30GENODE61BBB?31DE77660908000013724352?32Mallmann Susanne
:62F:C160303EUR68075,26
-
:20:STARTUMSE
:25:68050101/0012045802
:28C:00000/001
:60F:C160303EUR68075,26
:61:1603100310DR2182,82NDDTNONREF
:86:105?00FOLGELASTSCHRIFT?109210?20EREF+024/351/62167-----L080?2
13201600031244?22MREF+BE041277825590?23CRED+DE02HST00000026026?24
SVWZ+STEUERNR. 024/351/6216?257 EINK.ST 1VJ.16 2.182,82EU?26R?27A
BWA+Berliner Finanzaemter?30BELADEBEXXX?31DE94100500006600046463?
32Finanzamt Charlottenburg i.?33A.d. Berliner Finanzämter?34992
:62F:C160310EUR65892,44
-
:20:STARTUMSE
:25:68050101/0012045802
:28C:00000/001
:60F:C160310EUR65892,44
:61:1603300330CR350,00N060NONREF
:86:152?00DAUERAUFTRAG?109253?20SVWZ+Miete Friederike Selba?21ch,
 Zimmer EG, Lerchenstr.?223, Freiburg?30GENODE61WTH?31DE946739000
00086317109?32Dr. Jochen und Susanne Selb?33ach
:62F:C160330EUR66242,44
-
:20:STARTUMSE
:25:68050101/0012045802
:28C:00000/001
:60F:C160330EUR66242,44
:61:1603310331DR287,00NDDTNONREF
:86:105?00FOLGELASTSCHRIFT?109300?20EREF+LS1020000164713?21MREF+W
20D418613013366?22CRED+DE65ZZZ00000211132?23SVWZ+ABSCHLAG 03/2016
 KD 41?248613 Lerchenstr. 3 Gas EUR?25287,00?30FRSPDE66XXX?31DE94
680501010021000405?32STADTWERKE WALDKIRCH GMBH?34992
:61:1603300331DR5,00N024NONREF
:86:809?00ENTGELTABSCHLUSS?106666?20Entgeltabrechnung?21siehe Anl
age?3068050101
:61:1603300331CR0,00N066NONREF
:86:805?00ABSCHLUSS?106666?20Abrechnung 31.03.2016?21siehe Anlage
?3068050101
:62F:C160331EUR65950,44
-
:20:STARTUMSE
:25:68050101/0012045802
:28C:00000/001
:60F:C160331EUR65950,44
:61:1604010401DR164,23NDDTNONREF
:86:105?00FOLGELASTSCHRIFT?109250?20EREF+LV1290569102?21MREF+0311
0164826?22CRED+DE60ZZZ00000023236?23SVWZ+LV 1290569102 BEITRAG?24
04/16?30DEUTDEFFXXX?31DE44500700100961353001?32Zurich Deutscher H
erold Leb?33ensversicherung Aktiengesel?34992
:61:1604010401DR494,00NDDTNONREF
:86:105?00FOLGELASTSCHRIFT?109262?20EREF+03/16 2080452635 494,0?2
10?22MREF+ 220000077620?23CRED+DE90ZZZ00000000192?24SVWZ+WUSTENRO
T BANK AG?30WBAGDE61XXX?31DE92604200002080452635?32PROF.DR. MATTH
IAS HOLSCHNEI?34992
:61:1604010401DR200,00NDDTNONREF
:86:105?00FOLGELASTSCHRIFT?109250?20EREF+01-04-16 KG8 66 766 37?2
133?22MREF+200000435392?23CRED+DE92ZZZ00000032166?24SVWZ+8/66 766
 3733 200,00 E?25UR?30SOLADEST600?31DE53600501010001366705?32WUES
TENROT BAUSPARKASSE AG?34992
:61:1604010401CR420,00N060NONREF
:86:152?00DAUERAUFTRAG?109201?20SVWZ+Miete Lerchenstrasse?30SOLAD
ES1KNZ?31DE88690500010024799991?32Josefine Adelhelm
:61:1604010401CR370,00N060NONREF
:86:152?00DAUERAUFTRAG?109253?20SVWZ+MIETE + NEBENKOSTEN LE?21RCH
ENSTRASSE 3?30GENODE61GUN?31DE02680642220000309508?32Braendle Dom
inik
:61:1604010401CR1090,00N060NONREF
:86:152?00DAUERAUFTRAG?109245?20SVWZ+MIETE LERCHENSTRASSE 3?30BYL
ADEM1001?31DE34120300001009351063?32Nadja Mingirulli
:62F:C160401EUR66972,21
-
:20:STARTUMSE
:25:68050101/0012045802
:28C:00000/001
:60F:C160401EUR66972,21
:61:1604040404CR400,00N062NONREF
:86:166?00GUTSCHRIFT?109251?20EREF+CCB.92.UE.45313?21SVWZ+Miete?3
0DRESDEFF680?31DE97680800300400803000?32YULIA NEMETS
:61:1604040404CR410,00N060NONREF
:86:152?00DAUERAUFTRAG?109251?20EREF+000000009802?21SVWZ+Miete?30
DEUTDEDBFRE?31DE21680700240268962800?32Schmidt, Dirk
:62F:C160404EUR67782,21
-
:20:STARTUMSE
:25:68050101/0012045802
:28C:00000/001
:60F:C160404EUR67782,21
:61:1604050405CR1110,00N060NONREF
:86:152?00DAUERAUFTRAG?109253?20SVWZ+MIETE MALLMANN/KOLB LE?21RCH
ENSTR.3?30GENODE61BBB?31DE77660908000013724352?32Mallmann Susanne
:62F:C160405EUR68892,21
-
:20:STARTUMSE
:25:68050101/0012045802
:28C:00000/001
:60F:C160405EUR68892,21
:61:1604060406CR30,00N062NONREF
:86:166?00GUTSCHRIFT?109251?20EREF+930071632BBBPBKH?21SVWZ+MIETE 
GARAGE?30CCBADE31XXX?31DE94310108337125580820?32Keita, Lamin
:62F:C160406EUR68922,21
-
:20:STARTUMSE
:25:68050101/0012045802
:28C:00000/001
:60F:C160406EUR68922,21
:61:1604150415DR163,00N012NONREF
:86:116?00DAUERAUFTRAG?107000?20SVWZ+Vorgartenpflege Lerche?21nst
r.?30FRSPDE66XXX?31DE50680501010012809062?32Rabe, Ladislav?34997
:62F:C160415EUR68759,21
-
:20:STARTUMSE
:25:68050101/0012045802
:28C:00000/001
:60F:C160415EUR68759,21
:61:1604190419CR24,82N061NONREF
:86:166?00GUTSCHRIFT?109301?20EREF+006062699665?21SVWZ+BELEG00606
2699665/VK00?221007509088/GUTHABEN BIS 220?2342016/LERCHENSTRASSE
3/PROF.?24 DR. MATHIAS HOLSCHNEIDER?30FRSPDE66XXX?31DE89680501010
002010029?32badenova AG  CO. KG
:62F:C160419EUR68784,03
-
:20:STARTUMSE
:25:68050101/0012045802
:28C:00000/001
:60F:C160419EUR68784,03
:61:1604210421CR3940,00N062NONREF
:86:166?00GUTSCHRIFT?109251?20EREF+ZV01002008140018000000?2102?22
SVWZ+Miete Julia Haimerl 08?23-15 bis 04-169 mal 360.- Wa?24rmmie
te, 700.-KautionDanke?30PBNKDEFFXXX?31DE87700100800183070800?32Kl
aus Haimerl
:62F:C160421EUR72724,03
-
:20:STARTUMSE
:25:68050101/0012045802
:28C:00000/001
:60F:C160421EUR72724,03
:61:1604250425DR111,94NDDTNONREF
:86:105?00FOLGELASTSCHRIFT?109300?20EREF+006110925813?21MREF+7001
129416769001?22CRED+DE63ZZZ00000023667?23SVWZ+BELEG006110925813/V
K00?241129416769/FORDERUNGEN FAEL?25LIG BIS 25042016/LERCHENSTR?2
6ASSE3/PROF. DR. MATHIAS HOL?27SCHNEIDER?28ABWA+bnNETZE Wasser (H
ilfsb?29k.)?30FRSPDE66XXX?31DE23680501010013337519?32bnNETZE GmbH
?34992
:62F:C160425EUR72612,09
-
:20:STARTUMSE
:25:68050101/0012045802
:28C:00000/001
:60F:C160425EUR72612,09
:61:1604290429DR287,00NDDTNONREF
:86:105?00FOLGELASTSCHRIFT?109300?20EREF+LS1020000171212?21MREF+W
20D418613013366?22CRED+DE65ZZZ00000211132?23SVWZ+ABSCHLAG 04/2016
 KD 41?248613 Lerchenstr. 3 Gas EUR?25287,00?30FRSPDE66XXX?31DE94
680501010021000405?32STADTWERKE WALDKIRCH GMBH?34992
:62F:C160429EUR72325,09
-
:20:STARTUMSE
:25:68050101/0012045802
:28C:00000/001
:60F:C160429EUR72325,09
:61:1604290502DR5,00N024NONREF
:86:809?00ENTGELTABSCHLUSS?106666?20Entgeltabrechnung?21siehe Anl
age?3068050101
:61:1605020502DR19,00NDDTNONREF
:86:105?00FOLGELASTSCHRIFT?109300?20EREF+006032300959?21MREF+7001
007509088001?22CRED+DE37ZZZ00000023650?23SVWZ+BELEG006032300959/V
K00?241007509088/ABSCHLAG FAELLIG?25 30042016 FUER APRIL /LERCH?2
6ENSTRASSE3/PROF. DR. MATHIA?27S HOLSCHNEIDER?30FRSPDE66XXX?31DE8
9680501010002010029?32badenova AG  CO. KG?34992
:61:1605020502DR144,00NDDTNONREF
:86:105?00FOLGELASTSCHRIFT?109300?20EREF+006032434729?21MREF+7001
129416769001?22CRED+DE63ZZZ00000023667?23SVWZ+BELEG006032434729/V
K00?241129416769/LERCHENSTRASSE3/?25PROF. DR. MATHIAS HOLSCHNEI?2
6DER?27ABWA+bnNETZE Wasser (Hilfsb?28k.)?30FRSPDE66XXX?31DE236805
01010013337519?32bnNETZE GmbH?34992
:61:1605020502DR164,23NDDTNONREF
:86:105?00FOLGELASTSCHRIFT?109250?20EREF+LV1290569102?21MREF+0311
0164826?22CRED+DE60ZZZ00000023236?23SVWZ+LV 1290569102 BEITRAG?24
05/16?30DEUTDEFFXXX?31DE44500700100961353001?32Zurich Deutscher H
erold Leb?33ensversicherung Aktiengesel?34992
:61:1605020502DR200,00NDDTNONREF
:86:105?00FOLGELASTSCHRIFT?109250?20EREF+01-05-16 KG8 66 766 37?2
133?22MREF+200000435392?23CRED+DE92ZZZ00000032166?24SVWZ+8/66 766
 3733 200,00 E?25UR?30SOLADEST600?31DE53600501010001366705?32WUES
TENROT BAUSPARKASSE AG?34992
:61:1605020502DR494,00NDDTNONREF
:86:105?00FOLGELASTSCHRIFT?109262?20EREF+04/16 2080452635 494,0?2
10?22MREF+ 220000077620?23CRED+DE90ZZZ00000000192?24SVWZ+WUSTENRO
T BANK AG?30WBAGDE61XXX?31DE92604200002080452635?32PROF.DR. MATTH
IAS HOLSCHNEI?34992
:61:1605020502CR420,00N060NONREF
:86:152?00DAUERAUFTRAG?109201?20SVWZ+Miete Lerchenstrasse?30SOLAD
ES1KNZ?31DE88690500010024799991?32Josefine Adelhelm
:62M:C160502EUR71718,86
-
:20:STARTUMSE
:25:68050101/0012045802
:28C:00000/002
:60M:C160502EUR71718,86
:61:1605020502CR1300,00N062NONREF
:86:166?00GUTSCHRIFT?109209?20SVWZ+Miete Mai?30HELADEF1SLS?31DE80
506521240150249548?32EVA SIMMINGER
:61:1605020502CR350,00N060NONREF
:86:152?00DAUERAUFTRAG?109253?20SVWZ+Miete Friederike Selba?21ch,
 Zimmer EG, Lerchenstr.?223, Freiburg?30GENODE61WTH?31DE946739000
00086317109?32Dr. Jochen und Susanne Selb?33ach
:62F:C160502EUR73368,86
-
:20:STARTUMSE
:25:68050101/0012045802
:28C:00000/001
:60F:C160502EUR73368,86
:61:1605030503CR1110,00N060NONREF
:86:152?00DAUERAUFTRAG?109253?20SVWZ+MIETE MALLMANN/KOLB LE?21RCH
ENSTR.3?30GENODE61BBB?31DE77660908000013724352?32Mallmann Susanne
:61:1605030503CR370,00N060NONREF
:86:152?00DAUERAUFTRAG?109253?20SVWZ+MIETE + NEBENKOSTEN LE?21RCH
ENSTRASSE 3?30GENODE61GUN?31DE02680642220000309508?32Braendle Dom
inik
:61:1605030503CR410,00N060NONREF
:86:152?00DAUERAUFTRAG?109251?20EREF+000000009802?21SVWZ+Miete?30
DEUTDEDBFRE?31DE21680700240268962800?32Schmidt, Dirk
:61:1605030503CR400,00N062NONREF
:86:166?00GUTSCHRIFT?109251?20EREF+CCB.123.UE.50162?21SVWZ+Miete?
30DRESDEFF680?31DE97680800300400803000?32YULIA NEMETS
:62F:C160503EUR75658,86
-
:20:STARTUMSE
:25:68050101/0012045802
:28C:00000/001
:60F:C160503EUR75658,86
:61:1605040504CR1410,00N062NONREF
:86:166?00GUTSCHRIFT?109263?20SVWZ+MIETE LERCHENSTR 3, FR?21, 2. 
OG BARZ?30GENODEF1S02?31DE35600908000104668412?32Barz, Maike
:62F:C160504EUR77068,86
-
:20:STARTUMSE
:25:68050101/0012045802
:28C:00000/001
:60F:C160504EUR77068,86
:61:1605090509CR460,00N062NONREF
:86:166?00GUTSCHRIFT?109251?20EREF+ZV01002018853994000000?2102?22
SVWZ+370 Miete Julia Haimer?23l Mai 2016 und 9 x 10 Neben?24k.-Na
chzahlung Danke?30PBNKDEFFXXX?31DE87700100800183070800?32Klaus Ha
imerl
:62F:C160509EUR77528,86
-
:20:STARTUMSE
:25:68050101/0012045802
:28C:00000/001
:60F:C160509EUR77528,86
:61:1605170517DR219,57NDDTNONREF
:86:105?00FOLGELASTSCHRIFT?109300?20EREF+140700041173?21MREF+5010
02762799001?22CRED+DE69ZZZ00000055472?23SVWZ+501002762799/Grundst
eu?24er Rate 2016?25ABWA+Stadt Freiburg Stadtka?26sse?30FRSPDE66X
XX?31DE63680501010002010012?32Stadt Freiburg?34992
:61:1605170517DR10,70NDDTNONREF
:86:105?00EINMAL LASTSCHRIFT?109200?20EREF+ID-00157?21MREF+104306
-1459906850?22CRED+DE19ZZZ00000072571?23SVWZ+Online Mietvertraege
,?24haus-und-grund-vertrag.de,?25Kd-Nr.. 104306, Rechnungs-N?26r.
 553079?30KARSDE66XXX?31DE41660501010009124900?32H+G Haus + Grund
 Verwaltung?33s GmbH Karlsruhe?34993
:62F:C160517EUR77298,59
-
:20:STARTUMSE
:25:68050101/0012045802
:28C:00000/001
:60F:C160517EUR77298,59
:61:1605260527DR1100,00N033NONREF
:86:177?00ONLINE-UEBERWEISUNG?109310?20SVWZ+Rueckerstattung Miete
?2105.2016?22DATUM 26.05.2016, 13.21 UHR?231.TAN 880372?24ABWA+PR
OF.DR.MATTHIAS HOLSC?25HNEIDER?30GENODE61BBB?31DE9266090800000372
4352?32Susanne Mallmann?34997
:62F:C160527EUR76198,59
-
:20:STARTUMSE
:25:68050101/0012045802
:28C:00000/001
:60F:C160527EUR76198,59
:61:1605300530DR144,00NDDTNONREF
:86:105?00FOLGELASTSCHRIFT?109300?20EREF+006101403458?21MREF+7001
129416769001?22CRED+DE63ZZZ00000023667?23SVWZ+BELEG006101403458/V
K00?241129416769/LERCHENSTRASSE3/?25PROF. DR. MATHIAS HOLSCHNEI?2
6DER?27ABWA+bnNETZE Wasser (Hilfsb?28k.)?30FRSPDE66XXX?31DE236805
01010013337519?32bnNETZE GmbH?34992
:61:1605300530DR19,00NDDTNONREF
:86:105?00FOLGELASTSCHRIFT?109300?20EREF+006101276846?21MREF+7001
007509088001?22CRED+DE37ZZZ00000023650?23SVWZ+BELEG006101276846/V
K00?241007509088/ABSCHLAG FAELLIG?25 30052016 FUER MAI/LERCHENS?2
6TRASSE3/PROF. DR. MATHIASHO?27LSCHNEIDER?30FRSPDE66XXX?31DE89680
501010002010029?32badenova AG  CO. KG?34992
:62F:C160530EUR76035,59
-
:20:STARTUMSE
:25:68050101/0012045802
:28C:00000/001
:60F:C160530EUR76035,59
:61:1605310531DR287,00NDDTNONREF
:86:105?00FOLGELASTSCHRIFT?109300?20EREF+LS1020000181961?21MREF+W
20D418613013366?22CRED+DE65ZZZ00000211132?23SVWZ+ABSCHLAG 05/2016
 KD 41?248613 Lerchenstr. 3 Gas EUR?25287,00?30FRSPDE66XXX?31DE94
680501010021000405?32STADTWERKE WALDKIRCH GMBH?34992
:61:1605310531CR350,00N060NONREF
:86:152?00DAUERAUFTRAG?109253?20SVWZ+Miete Friederike Selba?21ch,
 Zimmer EG, Lerchenstr.?223, Freiburg?30GENODE61WTH?31DE946739000
00086317109?32Dr. Jochen und Susanne Selb?33ach
:62F:C160531EUR76098,59
-
:20:STARTUMSE
:25:68050101/0012045802
:28C:00000/001
:60F:C160531EUR76098,59
:61:1605300601DR5,70N024NONREF
:86:809?00ENTGELTABSCHLUSS?106666?20Entgeltabrechnung?21siehe Anl
age?3068050101
:61:1606010601DR164,23NDDTNONREF
:86:105?00FOLGELASTSCHRIFT?109250?20EREF+LV1290569102?21MREF+0311
0164826?22CRED+DE60ZZZ00000023236?23SVWZ+LV 1290569102 BEITRAG?24
06/16?30DEUTDEFFXXX?31DE44500700100961353001?32Zurich Deutscher H
erold Leb?33ensversicherung Aktiengesel?34992
:61:1606010601DR200,00NDDTNONREF
:86:105?00FOLGELASTSCHRIFT?109250?20EREF+01-06-16 KG8 66 766 37?2
133?22MREF+200000435392?23CRED+DE92ZZZ00000032166?24SVWZ+8/66 766
 3733 200,00 E?25UR?30SOLADEST600?31DE53600501010001366705?32WUES
TENROT BAUSPARKASSE AG?34992
:61:1606010601DR494,00NDDTNONREF
:86:105?00FOLGELASTSCHRIFT?109262?20EREF+05/16 2080452635 494,0?2
10?22MREF+ 220000077620?23CRED+DE90ZZZ00000000192?24SVWZ+WUSTENRO
T BANK AG?30WBAGDE61XXX?31DE92604200002080452635?32PROF.DR. MATTH
IAS HOLSCHNEI?34992
:61:1606010601CR420,00N060NONREF
:86:152?00DAUERAUFTRAG?109201?20SVWZ+Miete Lerchenstrasse?30SOLAD
ES1KNZ?31DE88690500010024799991?32Josefine Adelhelm
:62F:C160601EUR75654,66
-
:20:STARTUMSE
:25:68050101/0012045802
:28C:00000/001
:60F:C160601EUR75654,66
:61:1606020602CR370,00N060NONREF
:86:152?00DAUERAUFTRAG?109253?20SVWZ+MIETE + NEBENKOSTEN LE?21RCH
ENSTRASSE 3?30GENODE61GUN?31DE02680642220000309508?32Braendle Dom
inik
:61:1606020602CR410,00N060NONREF
:86:152?00DAUERAUFTRAG?109251?20EREF+000000009802?21SVWZ+Miete?30
DEUTDEDBFRE?31DE21680700240268962800?32Schmidt, Dirk
:61:1606020602CR1300,00N062NONREF
:86:166?00GUTSCHRIFT?109251?20SVWZ+Miete Juni?30COBADEHD044?31DE7
5200411440614992600?32Eva Simminger
:62F:C160602EUR77734,66
-
:20:STARTUMSE
:25:68050101/0012045802
:28C:00000/001
:60F:C160602EUR77734,66
:61:1606030603CR1410,00N062NONREF
:86:166?00GUTSCHRIFT?109263?20SVWZ+MIETE LERCHENSTR 3, FR?21, 2. 
OG BARZ?30GENODEF1S02?31DE35600908000104668412?32Barz, Maike
:61:1606030603CR400,00N062NONREF
:86:166?00GUTSCHRIFT?109251?20EREF+CCB.154.UE.58687?21SVWZ+Miete?
30DRESDEFF680?31DE97680800300400803000?32YULIA NEMETS
:62F:C160603EUR79544,66
-
:20:STARTUMSE
:25:68050101/0012045802
:28C:00000/001
:60F:C160603EUR79544,66
:61:1606070607CR370,00N062NONREF
:86:166?00GUTSCHRIFT?109251?20EREF+ZV01002035922589000000?2102?22
SVWZ+Miete Julia Haimerl Ju?23ni 2016 320.- Kaltmiete, 50?24.- Ne
benkosten Danke?30PBNKDEFFXXX?31DE87700100800183070800?32Klaus Ha
imerl
:62F:C160607EUR79914,66
-
:20:STARTUMSE
:25:68050101/0012045802
:28C:00000/001
:60F:C160607EUR79914,66
:61:1606090609DR191,93N033NONREF
:86:177?00ONLINE-UEBERWEISUNG?109310?20SVWZ+Nebenkosten 2014?21DA
TUM 09.06.2016, 12.13 UHR?221.TAN 002048?23ABWA+PROF.DR.MATTHIAS 
HOLSC?24HNEIDER?30GENODE61BBB?31DE77660908000013724352?32Susanne 
Mallmann?34997
:61:1606090609DR85,66N033NONREF
:86:177?00ONLINE-UEBERWEISUNG?109310?20SVWZ+kundennummer 10703?21
DATUM 09.06.2016, 14.43 UHR?221.TAN 197744?23ABWA+PROF.DR.MATTHIA
S HOLSC?24HNEIDER?30FRSPDE66XXX?31DE48680501010012648175?32So-Rex
 Brandschutz Freiburg?33 GMBH?34997
:61:1606090609DR87,36N033NONREF
:86:177?00ONLINE-UEBERWEISUNG?109310?20SVWZ+ReNr. 199-2016?21DATU
M 09.06.2016, 17.37 UHR?221.TAN 388790?23ABWA+PROF.DR.MATTHIAS HO
LSC?24HNEIDER?30FRSPDE66XXX?31DE08680501010012163313?32Christian 
Dittrich?34997
:62F:C160609EUR79549,71
-
:20:STARTUMSE
:25:68050101/0012045802
:28C:00000/001
:60F:C160609EUR79549,71
:61:1606100610DR2182,82NDDTNONREF
:86:105?00FOLGELASTSCHRIFT?109210?20EREF+024/351/62167-----L080?2
16201600032167?22MREF+BE041277825590?23CRED+DE02HST00000026026?24
SVWZ+STEUERNR. 024/351/6216?257 EINK.ST 2VJ.16 2.182,82EU?26R?27A
BWA+Berliner Finanzaemter?30BELADEBEXXX?31DE94100500006600046463?
32Finanzamt Charlottenburg i.?33A.d. Berliner Finanzämter?34992
:62F:C160610EUR77366,89
-
:20:STARTUMSE
:25:68050101/0012045802
:28C:00000/001
:60F:C160610EUR77366,89
:61:1606300630DR19,00NDDTNONREF
:86:105?00FOLGELASTSCHRIFT?109300?20EREF+006110930357?21MREF+7001
007509088001?22CRED+DE37ZZZ00000023650?23SVWZ+BELEG006110930357/V
K00?241007509088/ABSCHLAG FAELLIG?25 30062016 FUER JUNI/LERCHEN?2
6STRASSE3/PROF. DR. MATHIASH?27OLSCHNEIDER?30FRSPDE66XXX?31DE8968
0501010002010029?32badenova AG  CO. KG?34992
:61:1606300630DR144,00NDDTNONREF
:86:105?00FOLGELASTSCHRIFT?109300?20EREF+006101499198?21MREF+7001
129416769001?22CRED+DE63ZZZ00000023667?23SVWZ+BELEG006101499198/V
K00?241129416769/LERCHENSTRASSE3/?25PROF. DR. MATHIAS HOLSCHNEI?2
6DER?27ABWA+bnNETZE Wasser (Hilfsb?28k.)?30FRSPDE66XXX?31DE236805
01010013337519?32bnNETZE GmbH?34992
:61:1606300630CR350,00N060NONREF
:86:152?00DAUERAUFTRAG?109253?20SVWZ+Miete Friederike Selba?21ch,
 Zimmer EG, Lerchenstr.?223, Freiburg?30GENODE61WTH?31DE946739000
00086317109?32Dr. Jochen und Susanne Selb?33ach
:61:1606300630CR1300,00N060NONREF
:86:152?00DAUERAUFTRAG?109251?20SVWZ+Miete Lerchenstr. 3?30COBADE
HD044?31DE75200411440614992600?32Eva Simminger
:61:1606300630DR5,00N024NONREF
:86:809?00ENTGELTABSCHLUSS?106666?20Entgeltabrechnung?21siehe Anl
age?3068050101
:61:1606300630CR0,00N066NONREF
:86:805?00ABSCHLUSS?106666?20Abrechnung 30.06.2016?21siehe Anlage
?3068050101
:62F:C160630EUR78848,89
-
:20:STARTUMSE
:25:68050101/0012045802
:28C:00000/001
:60F:C160630EUR78848,89
:61:1607010701DR287,00NDDTNONREF
:86:105?00FOLGELASTSCHRIFT?109300?20EREF+LS1020000196861?21MREF+W
20D418613013366?22CRED+DE65ZZZ00000211132?23SVWZ+ABSCHLAG 06/2016
 KD 41?248613 Lerchenstr. 3 Gas EUR?25287,00?30FRSPDE66XXX?31DE94
680501010021000405?32STADTWERKE WALDKIRCH GMBH?34992
:61:1607010701DR200,00NDDTNONREF
:86:105?00FOLGELASTSCHRIFT?109250?20EREF+01-07-16 KG8 66 766 37?2
133?22MREF+200000435392?23CRED+DE92ZZZ00000032166?24SVWZ+8/66 766
 3733 200,00 E?25UR?30SOLADEST600?31DE53600501010001366705?32WUES
TENROT BAUSPARKASSE AG?34992
:61:1607010701DR164,23NDDTNONREF
:86:105?00FOLGELASTSCHRIFT?109250?20EREF+LV1290569102?21MREF+0311
0164826?22CRED+DE60ZZZ00000023236?23SVWZ+LV 1290569102 BEITRAG?24
07/16?30DEUTDEFFXXX?31DE44500700100961353001?32Zurich Deutscher H
erold Leb?33ensversicherung Aktiengesel?34992
:61:1607010701DR494,00NDDTNONREF
:86:105?00FOLGELASTSCHRIFT?109262?20EREF+06/16 2080452635 494,0?2
10?22MREF+ 220000077620?23CRED+DE90ZZZ00000000192?24SVWZ+WUSTENRO
T BANK AG?30WBAGDE61XXX?31DE92604200002080452635?32PROF.DR. MATTH
IAS HOLSCHNEI?34992
:61:1607010701CR420,00N060NONREF
:86:152?00DAUERAUFTRAG?109201?20SVWZ+Miete Lerchenstrasse?30SOLAD
ES1KNZ?31DE88690500010024799991?32Josefine Adelhelm
:61:1607010701CR370,00N060NONREF
:86:152?00DAUERAUFTRAG?109253?20SVWZ+MIETE + NEBENKOSTEN LE?21RCH
ENSTRASSE 3?30GENODE61GUN?31DE02680642220000309508?32Braendle Dom
inik
:61:1607010701CR370,00N062NONREF
:86:166?00GUTSCHRIFT?109251?20EREF+ZV01002048852328000000?2102?22
SVWZ+Miete Julia Haimerl Ju?23li 2016 320.- Kaltmiete, 50?24.- Ne
benkosten?30PBNKDEFFXXX?31DE87700100800183070800?32Klaus Haimerl
:62F:C160701EUR78863,66
-
:20:STARTUMSE
:25:68050101/0012045802
:28C:00000/001
:60F:C160701EUR78863,66
:61:1607040704CR20,00N061NONREF
:86:166?00GUTSCHRIFT?109310?20SVWZ+zu viel bez. Kaminfege?21rrech
nung zurueck R-199?30FRSPDE66XXX?31DE08680501010012163313?32CHRIS
TIAN DITTRICH
:61:1607040704CR400,00N062NONREF
:86:166?00GUTSCHRIFT?109251?20EREF+CCB.183.UE.73449?21SVWZ+Miete?
30DRESDEFF680?31DE97680800300400803000?32YULIA NEMETS
:61:1607040704CR410,00N060NONREF
:86:152?00DAUERAUFTRAG?109251?20EREF+000000009802?21SVWZ+Miete?30
DEUTDEDBFRE?31DE21680700240268962800?32Schmidt, Dirk
:62F:C160704EUR79693,66
-
:20:STARTUMSE
:25:68050101/0012045802
:28C:00000/001
:60F:C160704EUR79693,66
:61:1607050705CR1410,00N062NONREF
:86:166?00GUTSCHRIFT?109263?20SVWZ+MIETE LERCHENSTR.3 FR?21JULI 2
016?30GENODEF1S02?31DE35600908000104668412?32Barz, Maike
:62F:C160705EUR81103,66
-
:20:STARTUMSE
:25:68050101/0012045802
:28C:00000/001
:60F:C160705EUR81103,66
:61:1607080708CR30,00N062NONREF
:86:166?00GUTSCHRIFT?109251?20EREF+930071632BBBQKWW?21SVWZ+WEGEN 
GARAGE FUER JUNI?30CCBADE31XXX?31DE94310108337125580820?32Keita, 
Lamin
:62F:C160708EUR81133,66
-
:20:STARTUMSE
:25:68050101/0012045802
:28C:00000/001
:60F:C160708EUR81133,66
:61:1607150715DR163,00N012NONREF
:86:116?00DAUERAUFTRAG?107000?20SVWZ+Vorgartenpflege Lerche?21nst
r.?30FRSPDE66XXX?31DE50680501010012809062?32Rabe, Ladislav?34997
:61:1607150715DR5,35NDDTNONREF
:86:105?00EINMAL LASTSCHRIFT?109200?20EREF+ID-01226?21MREF+104306
-1467141077?22CRED+DE19ZZZ00000072571?23SVWZ+Online Mietvertraege
,?24haus-und-grund-vertrag.de,?25Kd-Nr.. 104306, Rechnungs-N?26r.
 556684?30KARSDE66XXX?31DE41660501010009124900?32H+G Haus + Grund
 Verwaltung?33s GmbH Karlsruhe?34993
:62F:C160715EUR80965,31
-
:20:STARTUMSE
:25:68050101/0012045802
:28C:00000/001
:60F:C160715EUR80965,31
:61:1607180718DR80,68NDDTNONREF
:86:105?00FOLGELASTSCHRIFT?109210?20EREF+024/351/62167-----L140?2
17201600000656?22MREF+BE041277825590?23CRED+DE02HST00000026026?24
SVWZ+STEUERNR. 024/351/6216?257 EINK.ST 2014 80,68EUR?26ABWA+Berl
iner Finanzaemter?30BELADEBEXXX?31DE94100500006600046463?32Finanz
amt Charlottenburg i.?33A.d. Berliner Finanzämter?34992
:62F:C160718EUR80884,63
-
:20:STARTUMSE
:25:68050101/0012045802
:28C:00000/001
:60F:C160718EUR80884,63
:61:1607290729DR287,00NDDTNONREF
:86:105?00FOLGELASTSCHRIFT?109300?20EREF+LS1020000211753?21MREF+W
20D418613013366?22CRED+DE65ZZZ00000211132?23SVWZ+ABSCHLAG 07/2016
 KD 41?248613 Lerchenstr. 3 Gas EUR?25287,00?30FRSPDE66XXX?31DE94
680501010021000405?32STADTWERKE WALDKIRCH GMBH?34992
:62F:C160729EUR80597,63
-
:20:STARTUMSE
:25:68050101/0012045802
:28C:00000/001
:60F:C160729EUR80597,63
:61:1607290801DR6,50N024NONREF
:86:809?00ENTGELTABSCHLUSS?106666?20Entgeltabrechnung?21siehe Anl
age?3068050101
:61:1608010801DR144,00NDDTNONREF
:86:105?00FOLGELASTSCHRIFT?109300?20EREF+006092423630?21MREF+7001
129416769001?22CRED+DE63ZZZ00000023667?23SVWZ+BELEG006092423630/V
K00?241129416769/LERCHENSTRASSE3/?25PROF. DR. MATHIAS HOLSCHNEI?2
6DER?27ABWA+bnNETZE Wasser (Hilfsb?28k.)?30FRSPDE66XXX?31DE236805
01010013337519?32bnNETZE GmbH?34992
:61:1608010801DR19,00NDDTNONREF
:86:105?00FOLGELASTSCHRIFT?109300?20EREF+006072193264?21MREF+7001
007509088001?22CRED+DE37ZZZ00000023650?23SVWZ+BELEG006072193264/V
K00?241007509088/ABSCHLAG FAELLIG?25 30072016 FUER JULI/LERCHEN?2
6STRASSE3/PROF. DR. MATHIASH?27OLSCHNEIDER?30FRSPDE66XXX?31DE8968
0501010002010029?32badenova AG  CO. KG?34992
:61:1608010801DR200,00NDDTNONREF
:86:105?00FOLGELASTSCHRIFT?109250?20EREF+01-08-16 KG8 66 766 37?2
133?22MREF+200000435392?23CRED+DE92ZZZ00000032166?24SVWZ+8/66 766
 3733 200,00 E?25UR?30SOLADEST600?31DE53600501010001366705?32WUES
TENROT BAUSPARKASSE AG?34992
:61:1608010801DR164,23NDDTNONREF
:86:105?00FOLGELASTSCHRIFT?109250?20EREF+LV1290569102?21MREF+0311
0164826?22CRED+DE60ZZZ00000023236?23SVWZ+LV 1290569102 BEITRAG?24
08/16?30DEUTDEFFXXX?31DE44500700100961353001?32Zurich Deutscher H
erold Leb?33ensversicherung Aktiengesel?34992
:61:1608010801DR494,00NDDTNONREF
:86:105?00FOLGELASTSCHRIFT?109262?20EREF+07/16 2080452635 494,0?2
10?22MREF+ 220000077620?23CRED+DE90ZZZ00000000192?24SVWZ+WUSTENRO
T BANK AG?30WBAGDE61XXX?31DE92604200002080452635?32PROF.DR. MATTH
IAS HOLSCHNEI?34992
:61:1608010801CR420,00N060NONREF
:86:152?00DAUERAUFTRAG?109201?20SVWZ+Miete Lerchenstrasse?30SOLAD
ES1KNZ?31DE88690500010024799991?32Josefine Adelhelm
:61:1608010801CR350,00N060NONREF
:86:152?00DAUERAUFTRAG?109253?20SVWZ+Miete Friederike Selba?21ch,
 Zimmer EG, Lerchenstr.?223, Freiburg?30GENODE61WTH?31DE946739000
00086317109?32Dr. Jochen und Susanne Selb?33ach
:61:1608010801CR1300,00N060NONREF
:86:152?00DAUERAUFTRAG?109251?20SVWZ+Miete Lerchenstr. 3?30COBADE
HD044?31DE75200411440614992600?32Eva Simminger
:62F:C160801EUR81639,90
-
:20:STARTUMSE
:25:68050101/0012045802
:28C:00000/001
:60F:C160801EUR81639,90
:61:1608020802CR370,00N062NONREF
:86:166?00GUTSCHRIFT?109251?20EREF+ZV01002066585138000000?2102?22
SVWZ+Miete Julia Haimerl Au?23gust 2016 320.- Kaltmiete,?2450.- N
ebenkosten?30PBNKDEFFXXX?31DE87700100800183070800?32Klaus Haimerl
:61:1608020802CR410,00N060NONREF
:86:152?00DAUERAUFTRAG?109251?20EREF+000000009802?21SVWZ+Miete?30
DEUTDEDBFRE?31DE21680700240268962800?32Schmidt, Dirk
:62F:C160802EUR82419,90
-
:20:STARTUMSE
:25:68050101/0012045802
:28C:00000/001
:60F:C160802EUR82419,90
:61:1608030803CR400,00N062NONREF
:86:166?00GUTSCHRIFT?109251?20EREF+CCB.215.UE.35173?21SVWZ+Miete?
30DRESDEFF680?31DE97680800300400803000?32YULIA NEMETS
:62F:C160803EUR82819,90
-
:20:STARTUMSE
:25:68050101/0012045802
:28C:00000/001
:60F:C160803EUR82819,90
:61:1608050805CR1410,00N062NONREF
:86:166?00GUTSCHRIFT?109263?20SVWZ+MIETE LERCHENSTR 3, FR?21, 2. 
OG BARZ?30GENODEF1S02?31DE35600908000104668412?32Barz, Maike
:62F:C160805EUR84229,90
-
:20:STARTUMSE
:25:68050101/0012045802
:28C:00000/001
:60F:C160805EUR84229,90
:61:1608080808DR422,75NDDTNONREF
:86:105?00FOLGELASTSCHRIFT?109250?20EREF+9031207360?21MREF+000100
0000001214?22CRED+DE31ZZZ00000236867?23SVWZ+RG 0082445808 24.7.20
1?246 Glaeubiger-ID. DE31ZZZ000?2500236867Ihre Mandatsreferen?26z
 bei uns. 0001000000001214?30COBADEFFXXX?31DE16500400000582454500
?32TECHEM Energy Services?34992
:62F:C160808EUR83807,15
-
:20:STARTUMSE
:25:68050101/0012045802
:28C:00000/001
:60F:C160808EUR83807,15
:61:1608150815DR219,57NDDTNONREF
:86:105?00FOLGELASTSCHRIFT?109300?20EREF+140900087747?21MREF+5010
02762799001?22CRED+DE69ZZZ00000055472?23SVWZ+501002762799/Grundst
eu?24er Rate 2016?25ABWA+Stadt Freiburg Stadtka?26sse?30FRSPDE66X
XX?31DE63680501010002010012?32Stadt Freiburg?34992
:62F:C160815EUR83587,58
-
:20:STARTUMSE
:25:68050101/0012045802
:28C:00000/001
:60F:C160815EUR83587,58
:61:1608300830DR144,00NDDTNONREF
:86:105?00FOLGELASTSCHRIFT?109300?20EREF+006004034330?21MREF+7001
129416769001?22CRED+DE63ZZZ00000023667?23SVWZ+BELEG006004034330/V
K00?241129416769/LERCHENSTRASSE3/?25PROF. DR. MATHIAS HOLSCHNEI?2
6DER?27ABWA+bnNETZE Wasser (Hilfsb?28k.)?30FRSPDE66XXX?31DE236805
01010013337519?32bnNETZE GmbH?34992
:61:1608300830DR19,00NDDTNONREF
:86:105?00FOLGELASTSCHRIFT?109300?20EREF+006004020140?21MREF+7001
007509088001?22CRED+DE37ZZZ00000023650?23SVWZ+BELEG006004020140/V
K00?241007509088/ABSCHLAG FAELLIG?25 30082016 FUER AUGUST /LERC?2
6HENSTRASSE3/PROF. DR. MATHI?27AS HOLSCHNEIDER?30FRSPDE66XXX?31DE
89680501010002010029?32badenova AG  CO. KG?34992
:61:1608300830CR350,00N060NONREF
:86:152?00DAUERAUFTRAG?109253?20SVWZ+Miete Friederike Selba?21ch,
 Zimmer EG, Lerchenstr.?223, Freiburg?30GENODE61WTH?31DE946739000
00086317109?32Dr. Jochen und Susanne Selb?33ach
:61:1608300830CR370,00N062NONREF
:86:166?00GUTSCHRIFT?109251?20EREF+ZV01002082398808000000?2102?22
SVWZ+Miete Julia Haimerl Se?23pt 2016 320.- Kaltmiete, 50?24.- Ne
benkosten Danke?30PBNKDEFFXXX?31DE87700100800183070800?32Klaus Ha
imerl
:61:1608300830CR1300,00N060NONREF
:86:152?00DAUERAUFTRAG?109251?20SVWZ+Miete Lerchenstr. 3?30COBADE
HD044?31DE75200411440614992600?32Eva Simminger
:62F:C160830EUR85444,58
-
:20:STARTUMSE
:25:68050101/0012045802
:28C:00000/001
:60F:C160830EUR85444,58
:61:1608310831DR287,00NDDTNONREF
:86:105?00FOLGELASTSCHRIFT?109300?20EREF+LS1020000226687?21MREF+W
20D418613013366?22CRED+DE65ZZZ00000211132?23SVWZ+Abschlaege 08/20
16 KD?24418613 Lerchenstr. 3 Gas EU?25R 287,00?30FRSPDE66XXX?31DE
94680501010021000405?32STADTWERKE WALDKIRCH GMBH?34992
:62F:C160831EUR85157,58
-
:20:STARTUMSE
:25:68050101/0012045802
:28C:00000/001
:60F:C160831EUR85157,58
:61:1608300901DR7,20N024NONREF
:86:809?00ENTGELTABSCHLUSS?106666?20Entgeltabrechnung?21siehe Anl
age?3068050101
:61:1609010901DR398,71NDDTNONREF
:86:105?00FOLGELASTSCHRIFT?109248?20EREF+HV08000748311201609010?2
100 012?22MREF+00001805596?23CRED+DE28HV100000088608?24SVWZ+Gebae
ude 080.012.00748?2531.1 Zeitraum 01.09.2016-01?26.09.2017?30HELA
DEFFXXX?31DE18500500000025192030?32Helvetia DfD?34992
:61:1609010901DR200,00NDDTNONREF
:86:105?00FOLGELASTSCHRIFT?109250?20EREF+01-09-16 KG8 66 766 37?2
133?22MREF+200000435392?23CRED+DE92ZZZ00000032166?24SVWZ+8/66 766
 3733 200,00 E?25UR?30SOLADEST600?31DE53600501010001366705?32WUES
TENROT BAUSPARKASSE AG?34992
:61:1609010901DR494,00NDDTNONREF
:86:105?00FOLGELASTSCHRIFT?109262?20EREF+08/16 2080452635 494,0?2
10?22MREF+ 220000077620?23CRED+DE90ZZZ00000000192?24SVWZ+WUSTENRO
T BANK AG?30WBAGDE61XXX?31DE92604200002080452635?32PROF.DR. MATTH
IAS HOLSCHNEI?34992
:61:1609010901DR164,23NDDTNONREF
:86:105?00FOLGELASTSCHRIFT?109250?20EREF+LV1290569102?21MREF+0311
0164826?22CRED+DE60ZZZ00000023236?23SVWZ+LV 1290569102 BEITRAG?24
09/16?30DEUTDEFFXXX?31DE44500700100961353001?32Zurich Deutscher H
erold Leb?33ensversicherung Aktiengesel?34992
:61:1609010901CR420,00N060NONREF
:86:152?00DAUERAUFTRAG?109201?20SVWZ+Miete Lerchenstrasse?30SOLAD
ES1KNZ?31DE88690500010024799991?32Josefine Adelhelm
:61:1609010901CR400,00N062NONREF
:86:166?00GUTSCHRIFT?109251?20EREF+CCB.244.UE.95916?21SVWZ+Miete?
30DRESDEFF680?31DE97680800300400803000?32YULIA NEMETS
:61:1609010901CR30,00N062NONREF
:86:166?00GUTSCHRIFT?109251?20EREF+930071632BBBRFMJ?21SVWZ+MIETE 
CORRAGE?30CCBADE31XXX?31DE94310108337125580820?32Keita, Lamin
:62F:C160901EUR84743,44
-
:20:STARTUMSE
:25:68050101/0012045802
:28C:00000/001
:60F:C160901EUR84743,44
:61:1609020902CR410,00N060NONREF
:86:152?00DAUERAUFTRAG?109251?20EREF+000000009802?21SVWZ+Miete?30
DEUTDEDBFRE?31DE21680700240268962800?32Schmidt, Dirk
:62F:C160902EUR85153,44
-
:20:STARTUMSE
:25:68050101/0012045802
:28C:00000/001
:60F:C160902EUR85153,44
:61:1609050905CR1410,00N062NONREF
:86:166?00GUTSCHRIFT?109263?20SVWZ+MIETE LERCHENSTR 3, FR?21, 2. 
OG BARZ?30GENODEF1S02?31DE35600908000104668412?32Barz, Maike
:62F:C160905EUR86563,44
-
:20:STARTUMSE
:25:68050101/0012045802
:28C:00000/001
:60F:C160905EUR86563,44
:61:1609120912DR1993,00NDDTNONREF
:86:105?00FOLGELASTSCHRIFT?109210?20EREF+024/351/62167-----L080?2
19201600032691?22MREF+BE041277825590?23CRED+DE02HST00000026026?24
SVWZ+STEUERNR 024/351/62167?25 EINK.ST 3VJ.16 1.993,00EUR?26ABWA+
Berliner Finanzaemter?30BELADEBEXXX?31DE94100500006600046463?32Fi
nanzamt Charlottenburg i.?33A.d. Berliner Finanzämter?34992
:62F:C160912EUR84570,44
-